1899 3126
819 139 1076 182 -8-

193 261 369 307 Seneca
388 262 434 306 in
456 274 579 306 cons.
601 261 659 310 ad
680 260 820 306 Marc.
843 265 897 306 13
919 274 1022 316 sqq;
1044 261 1100 306 ad
1123 264 1341 306 291n—2t·
1364 260 1420 304 cf.
1440 261 1612 306 111s26.
1628 263 1698 303 63.

194 329 477 384 Quamquam
522 342 639 383 quae
672 329 826 373 attulit
868 330 1077 383 exempla
1105 343 1195 373 non
1239 329 1388 372 omnia
1424 341 1447 371 e
1479 327 1698 372 Crantore

192 397 344 442 hausit
373 398 645 442 Plutarchus
677 423 732 427 —
762 397 807 441 id
838 396 955 442 enim
992 401 1120 446 vetat
1150 397 1461 453 chronologica
1497 396 1613 441 ratio
1641 420 1698 428 —-

192 470 342 509 tamen
374 466 500 510 illum
539 479 716 520 quoque
747 465 1051 509 huiuscemodi
1091 465 1323 522 collegisse
1354 465 1558 518 exempla
1588 464 1699 508 satis

192 523 423 589 probabile
455 538 535 579 est.
582 535 797 578 Fortasse
827 536 981 578 noster
1012 547 1068 578 ea
1097 537 1178 579 aut
1206 534 1254 581 in
1282 534 1445 578 scholis
1465 532 1699 578 rhetoricis

194 602 270 646 ubi
299 603 412 647 haec
442 602 685 646 decantata
714 602 854 646 fuisse
885 602 1253 647 verisimillimum
1283 605 1352 646 est
1380 601 1535 645 didicit
1565 604 1645 645 aut
1675 615 1699 645 e

192 671 317 722 fibris
334 671 621 716 collectaneis
637 671 914 726 deprompsit
929 671 984 715 ad
1004 671 1122 725 quod
1143 671 1306 715 ducere
1324 670 1502 714 videtur
1521 670 1700 715 Aelian.

193 753 288 784 var.
319 740 421 783 hist.
453 741 690 792 111.2—5;
723 740 778 783 ad
811 743 1031 783 2932-3—25
1064 740 1119 782 cf.
1152 741 1290 783 V.41.
1311 742 1404 782 118.

307 808 393 852 Sed
426 821 482 851 ne
520 808 566 850 in
597 821 646 850 re
684 808 801 861 quae
846 808 947 851 luce
983 812 1054 851 est
1084 808 1247 851 clarior
1276 807 1358 851 sim
1388 808 1563 862 longus,
1599 807 1700 851 sub-

194 877 368 920 sistam:
416 876 455 920 si
492 888 646 920 omnes
684 876 729 919 hi
768 876 853 920 loci
898 900 954 906 —
998 876 1043 920 id
1075 876 1192 930 quod
1223 875 1417 925 dubitari
1448 876 1601 929 nequit
1645 900 1701 905 —-

193 944 444 989 Crantorea
476 944 716 997 continent,
747 944 883 988 etiam
914 948 1067 988 cetera
1096 945 1311 998 pleraque
1341 943 1473 988 huius
1505 943 1700 988 auctoris

194 1025 293 1056 esse
332 1012 565 1055 evidenter
602 1012 795 1056 evictum
833 1016 913 1055 est.
974 1012 1083 1055 Ideo
1115 1011 1488 1066 adquiescendum
1525 1016 1594 1054 est
1623 1012 1701 1064 ita,

194 1085 241 1124 ut
265 1080 322 1124 ad
345 1079 534 1124 eundem
556 1079 722 1123 fontem
742 1083 884 1124 totam
905 1079 1137 1125 Plutarchi
1160 1079 1518 1124 Consolationem
1540 1079 1699 1133 redire,

194 1148 468 1202 paucissima
489 1161 512 1190 e
534 1161 615 1191 suo
632 1148 810 1205 ingenio
827 1147 1053 1192 addidisse
1074 1149 1377 1202 profiteamur.
1416 1148 1702 1203 Summopere

193 1216 321 1262 favet
366 1216 651 1261 coniecturae
692 1229 819 1260 meae
866 1216 981 1271 quod
1022 1230 1167 1272 neque
1213 1217 1307 1261 ulla
1340 1217 1509 1271 profert
1553 1222 1704 1262 noster

195 1286 449 1339 aequalium
501 1286 705 1339 exempla
762 1298 905 1338 neque
956 1285 1218 1339 cuiusquam
1276 1298 1427 1328 eorum
1478 1286 1553 1339 qui
1603 1289 1702 1339 post

197 1353 459 1399 Crantorem
512 1353 671 1397 librum
722 1353 916 1407 aliquem
961 1354 1308 1398 consolatorium
1353 1378 1409 1383 —
1455 1354 1529 1408 qui
1576 1358 1704 1408 erant

195 1422 400 1477 permulti
449 1433 502 1464 ac
546 1421 773 1475 praeclari.
813 1445 867 1450 —
913 1421 1022 1464 facit
1065 1421 1345 1464 mentionem.
1404 1423 1470 1465 At
1514 1414 1702 1466 forsitan

197 1490 415 1544 quispiam
464 1488 627 1533 dixerit
671 1489 806 1532 talem
851 1489 986 1533 fontis
1033 1490 1270 1533 adhibendi
1319 1490 1538 1534 rationem
1583 1491 1703 1535 haud

199 1560 386 1602 multum
432 1557 613 1600 differre
650 1569 771 1600 mero
817 1557 873 1610 ab
912 1557 1030 1600 furto
1075 1561 1210 1611 atque
1240 1558 1483 1601 Plutarcho
1520 1573 1704 1613 prorsus

196 1627 424 1684 indignam
456 1637 575 1669 esse:
613 1628 771 1668 contra
802 1625 919 1681 quod
951 1625 1396 1671 animadvertendum
1427 1631 1496 1671 est
1527 1632 1704 1672 veteres

197 1699 408 1740 auctores
438 1707 543 1737 suos
574 1707 661 1737 non
699 1694 875 1741 nomine
906 1694 1092 1738 laudare
1124 1695 1279 1740 solitos
1320 1708 1420 1740 esse
1453 1709 1568 1750 quae
1602 1710 1704 1741 con-

198 1764 388 1809 suetudo
433 1763 610 1807 minime
660 1762 968 1817 infrequenter
1011 1764 1238 1807 invenitur
1283 1777 1381 1807 cum
1427 1765 1545 1818 apud
1593 1767 1704 1809 alios

198 1833 454 1887 scriptores,
500 1836 592 1874 tum
634 1830 753 1884 apud
800 1834 1013 1876 nostrum.
1073 1833 1277 1886 Namque
1318 1845 1433 1886 quae
1469 1832 1707 1878 intercedit

199 1902 315 1962 ratio
373 1901 491 1944 inter
542 1904 742 1944 nostram
795 1900 1155 1944 Consolationem
1208 1901 1264 1943 ad
1320 1902 1605 1955 Apollonium
1662 1907 1707 1946 et

199 1969 431 2014 Crantoris
462 1967 544 2025 περὶ
573 1968 735 2013 πένθους
766 1967 924 2012 librum
957 1968 1111 2012 eadem
1142 1967 1375 2013 intercedit
1407 1969 1540 2013 etiam
1570 1996 1626 2000 —
1656 1974 1707 2015 ut

200 2038 401 2091 pluribus
438 2038 758 2090 supersedeam
796 2038 1009 2090 exemplis
1058 2061 1109 2065 —
1154 2038 1272 2080 inter
1306 2038 1502 2080 libellum
1534 2039 1608 2091 qui
1636 2040 1705 2081 in-

202 2105 413 2150 scribitur
442 2105 524 2163 περὶ
555 2105 761 2163 ἀορῑησὶας
792 2108 837 2148 et
866 2105 1188 2161 Hieronymum
1218 2105 1452 2150 Rhodium.

907 2263 932 2321 ξ
963 2269 1002 2308 2.

825 2345 896 2388 De
926 2345 1078 2404 hiatu.

319 2438 475 2482 Prima
506 2450 648 2492 eaque
681 2437 949 2493 gravissima
968 2449 1132 2490 causa,
1178 2450 1258 2480 cur
1289 2438 1561 2482 Benselerus
1593 2438 1707 2483 Con-

206 2506 467 2551 solationem
501 2520 529 2550 a
558 2506 804 2551 Plutarcho
835 2505 1179 2550 abiudieandam
1226 2519 1325 2551 esse
1372 2507 1559 2561 censuit,
1596 2509 1708 2552 haec

203 2575 418 2627 estquod
466 2575 510 2617 in
558 2588 613 2618 ea
661 2575 828 2617 nullum
877 2574 1048 2617 vitandi
1079 2574 1229 2619 hiatus
1263 2575 1457 2618 studium
1490 2580 1710 2629 appareat

206 2656 337 2698 quem
368 2643 729 2687 Chaeronensem
758 2643 925 2704 vubique
957 2656 1122 2697 magna
1152 2655 1261 2686 cura
1292 2656 1345 2685 ac
1376 2643 1606 2698 diligentia
1636 2658 1709 2689 ca-

203 2712 323 2776 visse
354 2712 398 2755 in
432 2712 590 2768 volgus
622 2715 691 2765 est
723 2714 885 2756 notum.
947 2711 1007 2755 Et
1043 2710 1242 2773 profecto
1288 2712 1325 2756 si
1373 2711 1470 2768 quis
1515 2712 1709 2767 libellum
