1899 3126
785 140 1070 180 —13—

173 260 575 317 (Bern.V11.475)
602 262 783 306 exhibet
813 261 1138 320 Παραμυθηταός
1167 264 1261 322 πρὸς
1301 263 1574 320 Ασκληπιάδην
1604 264 1680 320 qui

172 330 285 374 liber
315 329 664 386 wyttenbachio
695 331 903 378 diversus
934 333 1073 379 fuisse
1105 335 1133 379 a
1163 337 1316 379 nostro
1347 337 1416 378 031
1435 334 1573 386 visus,
1603 332 1680 378 alii

174 402 331 444 contra
375 402 512 454 atque
556 401 723 445 rectius
769 414 868 446 mea
914 402 1090 456 quidem
1138 403 1362 448 sententia
1393 394 1681 459 Ἀσκληπιάὸην

172 469 496 513 immutandum
505 469 660 514 0330111
675 462 931 515 Ἀπολλώνιον
949 472 1346 517 existumaverunt.
1368 473 1411 516 N
1412 485 1463 518 ec
1478 472 1679 528 proiecto

172 538 269 582 fieri
298 541 448 593 potest
475 539 583 593 quin
612 539 722 584 illud
748 534 1034 596 Ἀσκληπιάδην
1064 541 1183 595 quod
1211 553 1396 595 prorsus
1416 541 1463 585 in
1483 540 1679 585 tenebris

173 610 242 651 est
270 619 351 661 per
381 620 577 651 errorem
597 608 845 664 irrepserit;
877 614 1076 654 ceterum
1096 609 1344 654 cavendum
1375 613 1445 654 031
1471 622 1527 654 110
1543 609 1678 654 11111113

171 676 491 720 tribuamusilli
497 677 738 731 Lampriae
746 680 953 736 catalogo
968 693 1021 729 ex
1036 680 1298 733 scriptorum
1307 679 1678 723 Plutarcheorum

173 745 395 797 excerptis
415 744 659 799 confecto*)
683 746 811 791 cuius
832 747 943 796 fides
961 747 1059 791 iure
1091 759 1145 791 ac
1165 746 1320 790 merito
1340 746 1386 789 in
1407 745 1589 792 dubium
1610 749 1679 792 est

171 816 399 857 revocata.
461 813 647 858 Silentio
694 815 814 860 haud
849 815 1223 870 praetereundum
1260 828 1420 859 censeo
1450 815 1496 859 in
1526 814 1679 859 codice

171 882 380 925 Parisino
425 882 467 924 D
513 895 554 925 n.
604 886 713 926 1956
758 885 887 928 titulo
933 883 1257 942 Παραμυθητεκὸς
1293 884 1385 942 πρὸς
1415 881 1679 926 Ἀπολλώνιον

173 964 333 995 nomen
366 950 619 1008 Πλουτάρχου
649 954 954 1007 praepositum
975 955 1179 1007 inveniri,
1210 954 1288 997 sed
1320 967 1374 997 ne
1395 955 1478 997 hoc
1499 954 1676 1009 quidem

172 1033 253 1073 per
297 1033 345 1064 se
390 1021 539 1076 magni
585 1025 654 1065 est
698 1024 919 1067 momenti.
979 1023 1146 1077 Utique
1186 1035 1241 1066 ex
1271 1023 1445 1067 silentio
1476 1025 1678 1066 veterum

174 1090 234 1132 nil
267 1090 320 1132 de
352 1091 598 1133 Plutarcho
629 1091 726 1134 eius
757 1092 894 1133 11110111·
925 1096 1107 1134 auctore
1139 1092 1432 1145 colligendum
1464 1095 1543 1134 est.

878 1207 972 1264 §a

797 1286 1062 1333 Conclusio.

289 1378 509 1432 Quoniam
543 1379 722 1435 singula
754 1384 1020 1434 argumenta
1050 1379 1209 1433 quibus
1231 1380 1435 1422 commoti
1456 1379 1540 1423 viri
1561 1379 1678 1440 docti

173 1446 534 1491 Consolationem
559 1447 615 1491 ad
638 1447 923 1502 Apollonium
947 1448 1191 1492 Plutarcho
1215 1447 1557 1493 abiudicandam
1577 1454 1678 1492 0330

172 1519 447 1560 (10113110111111
490 1516 665 1572 integro
697 1529 828 1570 spero
860 1517 1114 1560 examinavi
1144 1516 1307 1560 iudicio
1339 1520 1383 1559 et
1414 1515 1469 1560 ad
1501 1516 1678 1560 irritum

170 1583 337 1639 redegi,
381 1585 469 1627 iam
502 1585 686 1628 calculis
717 1584 947 1628 subductis
978 1596 1194 1628 summam
1224 1584 1405 1628 faciam:
1451 1584 1496 1627 in
1527 1584 1678 1628 libello

171 1652 280 1695 nihil
325 1652 443 1697 inest
489 1652 607 1706 quod
658 1665 685 1696 a
730 1652 964 1696 Plutarchi
1009 1652 1187 1711 ingenio
1234 1652 1292 1696 sit
1338 1652 1544 1705 alienum,
1582 1652 1679 1696 etsi

171 1721 387 1764 nonnulla
431 1721 717 1775 reperiuntur
762 1733 877 1774 quae
924 1716 1067 1764 minus
1103 1724 1207 1765 sunt
1242 1720 1374 1764 laude
1407 1719 1553 1776 digna.
1615 1720 1679 1764 At

170 1789 256 1833 fuit
285 1790 460 1833 iuvenis
492 1803 590 1833 cum
622 1791 706 1833 hoc
737 1789 950 1844 scriptum
991 1794 1274 1843 componeret
1304 1790 1375 1833 cui
1405 1790 1545 1834 multa
1575 1802 1676 1832 con-

170 1858 381 1902 donanda
426 1861 542 1902 sunt.
602 1858 749 1902 Nullis
780 1871 887 1902 vero
934 1858 1033 1901 aliis
1079 1857 1256 1901 auxiliis
1303 1857 1359 1901 ad
1395 1856 1676 1902 scribendum

172 1939 415 1984 aggressus
447 1931 515 1971 est
546 1927 630 1971 nisi
651 1926 769 1981 quod
790 1939 927 1971 unum
948 1927 1031 1970 sibi
1053 1926 1243 1970 adscivit
1265 1925 1497 1970 Crantoris
1517 1926 1676 1973 librum

168 1996 252 2053 περὶ
282 1996 444 2042 πένθους
475 2009 606 2050 (1110111
636 1996 930 2039 Plutarchum
950 1995 1016 2038 ita
1035 1995 1081 2038 in
1103 2008 1233 2038 usum
1254 2007 1383 2038 suum
1405 1994 1676 2039 convertisse

170 2070 219 2110 ut
265 2066 322 2110 ad
354 2066 541 2109 verbum
585 2077 729 2119 paene
775 2078 876 2108 eum
921 2064 1186 2119 expilaverit
1231 2064 1277 2107 in
1320 2064 1558 2118 propatulo
1594 2069 1675 2108 031.

170 2135 400 2178 Nonnulla
431 2135 537 2187 quin
568 2133 725 2187 paucis
757 2132 918 2175 addam
948 2136 1198 2186 temperare
1230 2132 1335 2175 mihi
1366 2144 1454 2175 non
1483 2143 1676 2185 possum.

170 2203 282 2247 Mihi
299 2203 413 2247 enim
433 2201 692 2247 Consolatio
711 2200 768 2244 ad
784 2200 1072 2254 Apollonium
1089 2201 1401 2244 commentatio
1411 2200 1679 2243 scholastica

174 2271 232 2314 ad
278 2284 328 2315 se
374 2269 670 2314 exercendum
717 2269 978 2324 composita,
1007 2269 1276 2323 Apollonius
1306 2281 1414 2312 vero
1460 2268 1518 2312 ad
1549 2281 1678 2322 quem

171 2341 256 2383 hae
288 2340 467 2382 litterae
499 2338 826 2382 consolatoriae
857 2337 993 2380 datae
1024 2341 1130 2380 sunt
1155 2349 1348 2390 persona
1377 2337 1482 2397 ficta
1502 2335 1680 2380 videtur

171 2420 282 2452 0330.
343 2407 648 2461 Maximopere
693 2405 817 2450 favet
861 2405 1057 2460 opinioni
1102 2417 1228 2462 meae
1274 2404 1391 2459 quod
1435 2418 1514 2449 nec
1549 2403 1679 2448 huius

168 2475 387 2532 Apollonii
429 2490 508 2520 ‘nec
551 2474 723 2519 omnino
754 2474 971 2530 Apollonii
1015 2473 1264 2529 cuiusquam
1310 2477 1361 2517 ut
1403 2473 1596 2528 aequalis
1640 2476 1681 2517 et

167 2545 400 2601 familiaris
419 2545 488 2590 sui
508 2545 557 2590 in
576 2544 753 2600 reliquis
772 2543 941 2599 seriptis
965 2543 1161 2588 meminit
1179 2543 1453 2587 Plutarchus.
1503 2542 1678 2600 (Wytt.)

167 2618 384 2660 Fortasse
416 2614 674 2659 Consolatio
719 2616 875 2657 nostra
921 2626 996 2657 eos
1027 2614 1145 2656 inter
1173 2613 1310 2657 libros
1340 2611 1578 2656 referenda
1608 2615 1679 2656 est

281 2740 310 2784 ⁸)
339 2741 387 2775 cf.
413 2739 613 2774 Schaefer.
639 2748 779 2773 comm.
805 2738 854 2772 de
878 2737 981 2771 libro
1007 2737 1090 2776 vitt.
1116 2737 1155 2772 X
1181 2739 1290 2772 oratt.
1316 2747 1353 2783 p.
1380 2735 1434 2772 14.
