1899 3126
816 174 1070 214 -9-

191 299 393 345 nostrum
424 296 728 351 perlustrabit,
759 296 1011 342 foedissime
1058 309 1157 340 eum
1189 301 1364 341 scatere
1395 296 1593 341 hiatibus
1621 308 1691 341 re·

189 363 344 416 periet.
396 366 524 419 Quae
555 377 654 408 cum
683 365 748 408 ita
779 365 882 418 sint,
911 365 1100 419 inquies,
1132 365 1222 408 noli
1253 370 1410 409 contra
1449 364 1692 419 disputare,

191 444 245 475 ne
277 445 376 475 cum
408 434 587 476 nimium
618 432 730 476 velis
758 433 949 486 probare
989 433 1097 476 nihil
1133 434 1313 486 probes:
1359 437 1509 476 tamen
1549 433 1690 487 impa-

191 499 293 543 vido
325 501 471 544 animo
502 501 622 544 viam
651 501 940 555 praecipitem
970 501 1274 554 lubricamque
1304 500 1542 557 ingrediar.
1589 501 1689 545 Hoc

189 569 386 622 praefari
431 571 551 613 volo:
596 570 836 623 unicuique
885 583 976 613 rem
1029 571 1176 613 acrius
1227 570 1499 614 examinanti
1548 571 1688 624 primo

190 637 346 689 obtutu
376 639 420 681 in
454 639 606 682 oculos
637 639 835 682 incurret
879 639 1046 682 hiatum
1078 638 1206 681 modo
1238 639 1540 692 copiosissime
1572 639 1688 684 exsi-

192 710 308 750 stere
341 720 394 750 ac
422 708 515 750 fere
546 707 698 751 dedita
728 719 864 761 opera
896 720 995 750 esse
1027 707 1246 751 adscitum
1278 707 1415 750 veluti
1444 708 1489 750 in
1511 720 1638 762 capp.
1661 711 1687 751 9

190 777 235 818 et
282 779 335 817 14
378 775 506 818 modo
551 788 766 828 perquam
809 787 914 818 raro
958 775 1160 817 inveniri.
1222 774 1359 818 Cuius
1390 775 1453 817 rei
1485 775 1688 829 equidem

190 842 355 885 nullam
386 856 566 896 possum
599 843 732 886 aliam
761 843 1034 898 investigare
1070 855 1252 886 causam
1297 843 1380 886 nisi
1427 855 1525 886 eam
1568 843 1686 897 quod

189 914 342 954 noster
386 913 470 954 hoc
513 912 558 954 in
595 911 742 954 libello
772 914 893 954 totus
925 924 952 954 a
982 911 1201 955 Crantore
1231 911 1406 965 pendet.
1466 912 1596 954 Nunc
1627 911 1684 961 ad

189 991 281 1021 rem
312 979 455 1031 ipsam
487 978 765 1022 accedamus.
825 979 992 1022 Hiatus
1029 979 1164 1034 igitur
1200 979 1412 1022 dicendus
1444 983 1513 1022 est
1541 979 1578 1022 is
1609 980 1685 1033 qui

188 1046 237 1088 fit
280 1047 501 1097 vocalium
546 1047 735 1099 duarum
779 1059 997 1090 concursu
1042 1059 1228 1099 quarum
1278 1047 1346 1089 vel
1392 1051 1581 1100 utraque
1613 1048 1684 1092 vel

188 1115 407 1158 alterutra
436 1116 570 1170 longa
601 1120 678 1158 est.
725 1116 778 1158 cf.
811 1115 1005 1158 Sintenis
1026 1116 1094 1158 De
1116 1116 1242 1158 hiatu
1263 1116 1306 1158 in
1332 1116 1559 1158 Plutarchi
1582 1116 1685 1164 vitis

186 1183 414 1235 parallelis
455 1184 644 1238 epistola
682 1183 738 1227 ad
775 1184 832 1227 H.
866 1183 1121 1238 Sauppium.
1153 1197 1298 1240 progr.
1333 1182 1526 1227 Servest.
1562 1187 1684 1228 1845.

185 1251 243 1294 id.
275 1252 319 1294 in
352 1253 418 1295 ed.
451 1254 516 1295 IV
538 1256 776 1295 321—358.
828 1253 956 1294 Haec
986 1256 1132 1294 tamen
1165 1253 1236 1294 lex
1267 1265 1353 1294 non
1386 1257 1454 1294 est
1484 1265 1539 1294 ea
1568 1265 1684 1305 quae

187 1321 355 1364 nullum
387 1321 462 1364 det
492 1323 634 1365 locum
667 1321 926 1375 exceptioni.
987 1322 1143 1375 Neque
1175 1322 1289 1364 enim
1321 1321 1551 1364 offendunt
1590 1321 1684 1364 hia·

188 1392 281 1431 tum
313 1391 555 1433 efficientes
588 1391 762 1433 articuli
794 1403 937 1442 neque
968 1391 1041 1438 καί,
1075 1392 1139 1435 ὅτι,
1173 1389 1226 1434 ὡς
1262 1383 1509 1443 particulae
1541 1401 1684 1442 neque

187 1457 212 1511 ἢ
244 1457 339 1501 sive
370 1463 469 1512 post
500 1459 594 1502 sive
627 1462 732 1501 ante
764 1459 943 1501 vocales
973 1459 1164 1513 positum
1186 1464 1255 1503 est
1271 1472 1414 1512 neque
1446 1458 1515 1512 ἐπί,
1547 1457 1599 1506 ἐς,
1632 1458 1685 1507 ἐν,

186 1520 229 1574 ἐξ
260 1531 425 1569 vacant
456 1528 668 1579 hiatibus;
698 1526 858 1579 quibus
889 1540 977 1569 non
1008 1528 1151 1570 minus
1174 1528 1390 1570 obnoxiae
1412 1533 1517 1571 sunt
1536 1541 1581 1575 τι,
1605 1528 1682 1576 οὐκ,

186 1596 262 1644 οὖν,
301 1594 359 1650 δὴ·
385 1596 572 1638 voculae
618 1594 743 1637 cuius
787 1594 852 1637 rei
898 1595 1101 1649 exempla
1146 1595 1279 1638 etiam
1325 1596 1442 1649 apud
1484 1601 1685 1641 oratores

186 1666 485 1709 inveniuntur.
547 1663 719 1706 Deinde
764 1664 913 1706 hiatus
958 1665 1070 1707 satis
1115 1665 1250 1707 habet
1295 1666 1609 1719 excusationis,
1646 1667 1684 1710 si

187 1734 469 1778 distinctione
500 1733 651 1786 aliqua
681 1732 984 1775 intercedente
1015 1733 1065 1776 fit
1094 1746 1258 1786 pausa;
1290 1746 1405 1787 quae
1438 1747 1524 1777 non
1556 1735 1683 1779 modo

185 1805 231 1845 in
262 1804 348 1845 fine
380 1801 596 1843 enuntiati
627 1801 768 1842 oritur
798 1801 875 1842 sed
907 1801 1039 1844 etiam
1070 1802 1187 1844 inter
1215 1803 1412 1854 protasin
1446 1807 1490 1844 et
1518 1803 1681 1856 apodo·

188 1871 269 1924 sin,
302 1874 404 1913 ante
435 1882 677 1924 pronomen
709 1869 958 1922 relativum,
990 1869 1152 1913 circum
1175 1871 1470 1923 parenthesin.
1518 1872 1591 1914 Nil
1614 1875 1682 1915 est

188 1939 420 1982 dicendum
453 1939 506 1980 de
537 1937 769 1980 sententiis
792 1937 1091 1981 adversativis
1113 1939 1237 1980 cuius
1261 1939 1407 1981 hiatus
1438 1939 1681 1982 iustissima

188 2012 257 2052 est
286 2007 421 2061 rati03
452 2006 662 2050 ferendus
694 2010 762 2049 est
791 2005 823 2046 ὡ
854 2006 1088 2050 vocativus
1119 2012 1222 2050 ante
1244 2008 1437 2051 vocales.
1471 2008 1523 2050 cf.
1546 2009 1679 2051 Bens.

187 2092 228 2131 p.
260 2079 329 2129 61,
360 2076 552 2119 Hultsch
583 2075 738 2117 Philol.
770 2076 882 2117 XIV
899 2077 994 2117 292.
1040 2075 1161 2116 Ante
1194 2080 1477 2128 augmentum
1500 2075 1679 2128 saepius

188 2149 339 2189 noster
370 2143 547 2188 admisit
591 2143 759 2186 hiatum
791 2155 871 2186 nec
915 2142 1101 2196 praebet
1136 2143 1371 2196 quicquam
1417 2142 1675 2188 offensionis

186 2214 311 2257 elisio
358 2212 617 2266 diphthongi
663 2226 698 2252 αι
728 2211 772 2254 in
818 2215 856 2254 3.
894 2223 1010 2264 pers.
1057 2224 1201 2265 praes.
1251 2211 1359 2254 med.
1406 2225 1446 2255 v.
1493 2213 1681 2255 Mueller

186 2283 401 2327 Plutarch
447 2282 557 2325 iiber
602 2281 671 2324 die
709 2280 1055 2335 seelenscho'pfg.
1087 2280 1144 2323 im
1177 2281 1285 2323 Tim.
1318 2294 1463 2334 progr.
1502 2282 1677 2325 Vratisl.

187 2355 297 2395 1873
328 2365 368 2406 p.
403 2354 467 2394 18.
530 2350 662 2404 Apud
695 2349 874 2393 nomina
917 2348 1099 2403 propria
1136 2349 1375 2403 scriptores
1406 2349 1497 2392 fere
1529 2363 1679 2394 omnes

185 2420 453 2464 necessitate
484 2418 677 2472 quadam
708 2417 850 2461 coacti
881 2430 1095 2460 summam
1128 2418 1211 2460 sibi
1242 2418 1388 2460 hiatus
1420 2418 1680 2461 admittendi

184 2489 467 2532 indulserunt
496 2487 757 2530 libertatem.

300 2557 401 2610 Qua
431 2556 467 2598 si
500 2555 686 2598 scientia
717 2555 923 2598 instructi
953 2557 1094 2597 totum
1125 2554 1281 2596 librum
1320 2555 1464 2597 denuo
1500 2568 1679 2607 percur-

184 2626 341 2678 rimus,
368 2637 459 2668 rem
491 2623 635 2667 minus
667 2636 768 2667 esse
799 2622 1080 2678 desperatam
1104 2635 1234 2676 quam
1259 2624 1391 2676 vulgo
1412 2627 1681 2666 asseverant

185 2693 425 2737 dilucidum
470 2697 548 2735 est.
609 2693 723 2735 Nam
769 2694 945 2736 restant
974 2715 1026 2720 -
1060 2690 1141 2733 nisi
1190 2690 1261 2743 qui
1308 2704 1376 2732 me
1409 2691 1522 2746 fugit
1552 2715 1608 2720 —
1637 2692 1680 2734 hi

182 2768 355 2808 tantum
391 2763 476 2807 loci
520 2762 714 2806 hiantes:
759 2765 890 2806 2511⁶
941 2760 1120 2814 θυλάττῃ
1165 2758 1297 2814 εὐδίαις
1348 2764 1479 2804 25825
1527 2761 1681 2817 τοιαύτῃ
