1899 3126
783 131 1070 172 ...12-

791 286 970 349 -§4-

695 366 764 410 Be
796 367 1154 424 compositione.

286 457 673 512 Wyttenbachius‚
717 459 941 512 Usterius‚
986 460 1274 512 BenseIerus,
1317 459 1552 503 Baebi-ius
1570 460 1675 503 Plu-

169 525 372 568 tarchum
418 526 463 568 in
509 525 825 570 Consolatione
870 539 958 570 non
1004 527 1300 572 adstrinxisse
1345 540 1392 571 se
1429 527 1488 572 ad
1527 531 1674 572 certas

172 592 434 646 disponendi
479 594 616 649 leges,
662 595 741 638 sed
787 595 913 639 futile
959 607 1059 639 esse
1106 596 1202 640 eius
1231 596 1331 639 libri
1362 599 1674 652 argumentum

171 661 509 705 affirmaverunt
539 674 655 716 quae
686 675 759 706 res
791 663 900 708 viris
930 664 1097 708 criticis
1120 664 1204 719 (an
1236 664 1379 708 dicam
1413 664 1673 719 hypercriti-

170 729 277 779 cis?)
308 730 583 774 commodam
629 731 876 785 praebebat
920 745 1077 777 ansam
1121 733 1179 777 ad
1211 732 1410 787 spuriam
1439 732 1674 776 Plutarchi

170 798 481 842 auctoritatem
513 799 917 847 demonstrandam.
960 801 1279 845 Verumtamen
1301 801 1673 855 scriptoremvnon

168 866 264 908 sine
312 867 401 910 ullo
446 867 600 910 ordine
647 869 828 923 singula
870 870 1126 922 protulisse,
1173 870 1376 923 quamvis
1407 870 1507 922 plus
1539 881 1673 926 quam

169 935 306 977 semel
345 935 534 978 eundem
572 936 629 979 ad
660 937 805 980 locum
836 941 1140 983 reverteretur
1169 937 1447 991 diversisque
1477 937 1587 980 locis
1618 946 1673 980 ea

167 1012 439 1056 proponeret
460 1017 576 1057 quae
598 1017 685 1047 uno
708 1006 950 1058 eodemque
971 1007 1068 1048 loco
1089 1005 1505 1058 comprehendenda
1523 1008 1673 1048 essent
1716 1021 1719 1022 ⁷

168 1071 257 1114 iam
288 1072 596 1116 Volkmannus
626 1097 682 1102 —
714 1073 789 1126 qui
819 1074 1078 1127 ceteroquin
1103 1073 1223 1117 haud
1244 1073 1433 1118 feliciter
1453 1076 1605 1117 nostro
1626 1073 1671 1115 in

168 1139 317 1182 libello
346 1141 664 1193 pertractando
694 1146 902 1185 versatus
933 1147 1001 1185 est
1020 1166 1075 1172 —
1095 1142 1140 1185 in
1163 1155 1309 1197 progr.
1332 1153 1470 1195 supra
1489 1141 1672 1189 laudato

166 1221 207 1262 p.
240 1212 352 1252 5——7
384 1220 606 1263 exponere
638 1209 831 1262 studuit;
877 1209 956 1253 sed
988 1222 1042 1253 ne
1074 1210 1170 1254 eius
1207 1209 1384 1264 quidem
1428 1209 1672 1263 disputatio

167 1278 314 1320 animo
360 1291 457 1321 meo
503 1278 735 1331 satisfecit,
781 1291 880 1322 cum
927 1291 1014 1321 non
1060 1279 1117 1322 ad
1163 1278 1375 1332 liquidum
1414 1278 1673 1331 perduxerit

166 1350 314 1390 utrum
360 1350 513 1390 noster
557 1347 736 1402 singula
782 1351 965 1402 arrepta
1007 1347 1052 1391 in
1099 1360 1357 1403 compagem
1409 1346 1671 1395 dissolutam

164 1416 538 1469 temerariamque
584 1416 807 1471 redegerit
855 1429 911 1459 an
963 1415 1157 1460 dilucida
1207 1416 1359 1469 aliqua
1408 1416 1671 1470 disponendi

164 1484 339 1527 ratione
370 1497 482 1528 usus
520 1484 591 1527 sit.
654 1485 814 1538 Itaque
860 1484 1090 1528 videamus
1136 1483 1354 1537 quomodo
1398 1484 1670 1527 Plutarchus

164 1553 283 1595 hunc
312 1553 472 1595 librum
503 1553 813 1606 composuerit.

281 1621 350 1676 Ac
379 1621 521 1675 primo
552 1625 598 1664 et
626 1622 822 1665 secundo
854 1622 1029 1675 quidem
1076 1621 1221 1675 capite
1261 1621 1503 1674 alloquitur
1532 1621 1670 1674 Apol-

164 1690 330 1732 lonium
376 1690 451 1743 qui
497 1690 634 1733 tilium
678 1695 970 1743 praematura
1013 1694 1152 1733 morte
1198 1689 1280 1732 sibi
1328 1692 1529 1742 ereptum
1568 1702 1669 1733 esse

163 1758 551 1802 vehementissime
583 1758 780 1815 lugebat,
813 1758 942 1803 simul
975 1758 1107 1802 affert
1135 1771 1300 1803 causas
1321 1758 1482 1812 quibus
1505 1757 1669 1806 adduce.

162 1832 235 1869 tus
266 1828 384 1869 hanc
414 1828 762 1870 consolationem
795 1827 1076 1870 cont-exuerit
1121 1830 1166 1868 et
1211 1839 1290 1869 cur
1334 1827 1417 1869 hoc
1457 1825 1669 1879 scriptum

163 1894 219 1937 ad
266 1894 310 1937 id
356 1895 571 1948 temporis
617 1895 661 1937 in
709 1895 884 1938 scriniis
922 1894 1174 1938 detinuerit.
1208 1895 1304 1937 Iam
1335 1907 1442 1937 vero
1473 1907 1508 1937 c.
1541 1899 1579 1937 3.
1613 1894 1670 1938 ad

162 1963 437 2017 propositum
485 1963 756 2019 aggreditur.
818 1964 1055 2006 Materiam
1103 1963 1213 2006 scite
1264 1962 1416 2006 divisit
1466 1963 1578 2006 duas
1622 1963 1669 2005 in
1741 1968 1743 1971 “

161 2036 319 2086 partes
350 2045 538 2086 quarum
570 2032 615 2074 in
646 2031 793 2085 priore
825 2030 1002 2087 (3—15)
1033 2032 1078 2075 in
1110 2031 1369 2075 universum
1400 2031 1582 2074 disserit
1613 2031 1668 2074 de

160 2104 317 2153 morte,
362 2101 406 2143 in
452 2100 700 2154 posteriore
746 2098 952 2155 (16—36)
998 2100 1252 2153 specialiter
1296 2104 1584 2153 praematura
1613 2100 1668 2144 de

164 2172 318 2211 morte.
380 2169 585 2222 Utraque
632 2181 737 2222 pars
784 2181 926 2222 aeque
973 2168 1251 2212 conformata
1281 2172 1367 2211 est:
1410 2167 1669 2221 priusquam

161 2237 277 2280 enim
309 2237 472 2280 solatia
501 2237 603 2290 ipsa
634 2236 780 2290 affert,
814 2236 1099 2290 Apollonium
1137 2249 1288 2279 eorum
1334 2248 1469 2280 sensu
1514 2236 1670 2280 imbuit

161 2310 296 2359 atque
344 2305 480 2357 efficit
526 2309 574 2349 ut
617 2305 792 2349 facilem
839 2318 887 2349 se
934 2305 1150 2359 praebeat
1194 2304 1489 2358 suscipiendis
1521 2305 1670 2352 verbis

161 2374 486 2418 consolatoriis.
547 2375 648 2417 Hoc
677 2377 881 2417 tenentes
913 2374 1092 2429 singula
1122 2373 1304 2416 uberius
1334 2385 1668 2426 persequamur.

164 2443 232 2486 Ex
264 2445 406 2486 morte
438 2442 516 2485 filii
547 2442 743 2487 dolorem
777 2441 1192 2497 aegritudinemque
1223 2441 1470 2495 concipere,
1515 2441 1670 2496 incipit

161 2515 327 2563 noster,
359 2524 458 2553 cum
491 2524 576 2552 non
608 2511 667 2552 sit
696 2511 887 2563 positum
909 2511 954 2552 in
977 2512 1157 2554 nostrae
1179 2509 1425 2553 voluntatis
1447 2509 1668 2563 libertate,-

161 2579 276 2622 ratio
308 2578 526 2632 praecipit
557 2591 611 2621 ne
644 2582 723 2621 aut
753 2577 1020 2621 effeminatis
1051 2578 1212 2622 animis
1244 2577 1382 2621 dolori
1431 2577 1558 2621 nimis
1603 2578 1667 2621 in-

161 2648 425 2702 dulgeamus
458 2652 538 2689 aut
567 2659 752 2700 prorsus
784 2647 976 2698 hebetes,
1000 2650 1044 2689 et
1071 2646 1217 2701 obtusi
1239 2646 1361 2693 nullo
1383 2645 1511 2697 modo
1533 2646 1667 2693 animi

159 2720 306 2761 motus
339 2716 598 2759 sentiamus.
647 2715 872 2768 Sapientis
904 2714 960 2758 ad
992 2719 1172 2758 nostrae
1194 2715 1315 2757 vitae
1338 2714 1665 2758 vicissitudines
