1899 3126
803 189 1059 243 ,5-

181 324 442 370 iamdudum*
483 325 600 369 inter
634 338 786 370 omnes
823 325 1054 378 constat.¹⁸‘)
1114 323 1495 368 Commemoratur
1530 319 1680 367 autem

184 392 417 437 Crantoris
447 392 571 446 liber,
602 392 672 437 cui
703 396 801 437 era't
827 392 983 437 titulus
1003 391 1085 450 περὶ
1103 392 1265 438 πένθους
1284 392 1414 436 Tusc.
1437 392 1472 435 I.
1490 394 1559 435 48.
1579 387 1679 444 1'153

184 463 430 515 111.6.12;
465 462 610 505 V.37.
636 465 728 505 107.
790 461 842 506 cf.
881 462 1023 506 Acad.
1059 463 1120 507 II.
1137 467 1207 506 44.
1228 465 1323 515 135,
1369 473 1397 504 a
1433 458 1680 505 Plutarcho

183 543 225 585 p.
260 535 340 575 102
356 530 398 585 d,
431 535 513 574 104
527 531 568 584 b,
602 535 684 574 114
699 543 736 584 c,
769 534 850 574 115
869 531 917 581 b..
951 531 1120 586 Quodsi
1153 530 1379 576 Ciceronis
1400 529 1680 573 Tusculanas

185 599 510 654 disputationes
556 602 601 642 et
634 599 865 643 Plutarchi
900 599 1261 644 Consolationem
1304 599 1422 642 inter
1465 610 1513 641 se
1559 609 1675 641 com-

184 668 455 722 parabimus,
501 669 573 711 vel
617 668 758 721 primo
803 668 962 712 obtutu
1012 671 1252 713 concentus
1302 667 1534 719 utriusque
1578 666 1681 709 libri

181 735 496 789 perspiciemus
528 748 581 779 ac
612 735 805 779 dubitari
836 737 910 779 vix
940 739 1101 792 potest,
1133 736 1239 790 quin
1271 748 1358 779 non
1380 735 1523 778 solum
1543 734 1575 776 ii
1596 733 1680 777 loci

182 804 341 857 quibus
372 803 602 848 Crantoris
647 815 808 847 nomen
850 807 918 848 est
962 804 1266 859 praepositum
1297 802 1375 846 sed
1420 801 1554 845 etiam
1586 802 1680 855 qui-

185 884 371 925 cumque
417 874 521 915 sunt
558 871 733 924 utrique
778 885 1030 917 communes
1067 886 1121 916 ex
1156 872 1233 915 1110
1269 870 1351 928 περὶ
1380 871 1542 916 πένθους
1565 870 1682 913 libro

182 939 403 993 desumpti
424 940 524 984 sint.
571 940 806 984 Nonnullis
828 941 937 985 locis
959 941 1131 995 accidit,
1154 944 1203 984 ut
1224 941 1340 984 alter
1355 953 1403 984 se
1421 940 1683 984 Crantorem

184 1020 281 1052 esse
303 1013 503 1052 secutum
526 1011 770 1062 asseveret,
803 1010 918 1053 alter
943 1023 1023 1064 pro
1045 1010 1139 1054 suis
1159 1022 1232 1054 res
1255 1010 1426 1054 alienas
1448 1007 1682 1052 venditare

183 1077 402 1120 videatur.
477 1077 530 1120 In
580 1078 812 1122 sententiis
861 1082 912 1122 ut
961 1092 1044 1132 par
1095 1082 1163 1122 est
1211 1078 1405 1122 maxima
1448 1076 1684 1121 intercedit

183 1145 442 1198 similitud03
489 1145 594 1199 quin
639 1146 773 1190 etiam
817 1147 863 1189 in
909 1146 1135 1191 Ciceronis
1182 1147 1429 1191 elocutione
1481 1146 1553 1189 vel
1597 1146 1681 1188 tiro

183 1214 484 1267 deprehendet
501 1227 715 1267 expressa
731 1215 996 1269 exemplaris
1015 1215 1211 1259 Solensis
1234 1216 1438 1271 vestigia.
1480 1214 1680 1267 Uterque

182 1282 338 1326 iisdem
376 1283 601 1336 exemplis,
647 1283 804 1327 iisdem
833 1283 1003 1339 figuris,
1039 1283 1198 1328 iisdem
1235 1283 1509 1340 argumentis
1541 1282 1683 1343 utitur

184 1363 313 1404 quem
359 1364 623 1394 consensum
660 1351 841 1395 fortuito
886 1362 941 1395 ac
977 1356 1141 1395 temere
1188 1352 1311 1395 nasci
1351 1364 1437 1394 non
1482 1350 1681 1404 potuisse

184 1419 430 1463 concedant
447 1419 521 1472 qui
538 1419 718 1472 sapiunt
734 1432 915 1464 necesse
940 1423 1020 1463 est.
1055 1419 1211 1464 Obiter
1234 1431 1524 1463 commemoro
1547 1419 1679 1462 etiam

183 1488 226 1531 in
249 1488 424 1544 dialogo
445 1488 625 1531 Platoni
656 1489 887 1542 supposito
908 1489 979 1531 cui
1009 1491 1078 1531 est
1107 1489 1264 1531 titulus
1294 1488 1526 1531 Axiochus
1563 1491 1605 1530 et
1637 1485 1697 1529 in

185 1556 380 1601 Senecae
419 1556 792 1600 consolationibus
831 1556 887 1601 ad
922 1556 1151 1607 Marciam,
1189 1557 1435 1613 Polybium,
1473 1556 1681 1600 Helviam

185 1626 304 1669 haud
334 1619 481 1678 pauca
511 1638 567 1667 ex
597 1624 827 1668 Crantoris
857 1626 1005 1668 libello
1035 1625 1243 1668 derivata
1274 1621 1386 1669 esse.

299 1693 522 1750 Diogenes
552 1693 761 1738 Laertius
792 1694 941 1737 1V.26
973 1693 1236 1739 Crantorem
1266 1694 1462 1748 impense
1488 1694 1680 1737 Homero

185 1767 230 1805 et
250 1762 450 1814 Euripidi
480 1774 660 1814 operam
691 1774 885 1813 navasse
916 1763 986 1805 his
1017 1761 1165 1804 verbis
1198 1762 1389 1804 affirmat
1416 1762 1616 1815 ἐθαὺμξαε
1640 1761 1680 1801 δὲ

184 1829 368 1888 Κράντωρ
405 1832 554 1871 πάντων
591 1829 638 1885 δὴ
685 1829 836 1884 μᾶλλον
863 1828 1041 1888 Ὅμηρον
1071 1830 1134 1871 καὶ
1164 1830 1374 1887 Εὐριπίδην,
1421 1831 1535 1875 unde
1582 1845 1681 1876 eum

186 1900 355 1952 scripta
371 1910 454 1942 sua
470 1900 577 1942 locis
594 1900 662 1942 his
684 1912 738 1942 ex
759 1900 903 1952 poetis
925 1900 1069 1943 ductis
1087 1912 1327 1943 exornasse
1345 1899 1681 1953 liquidissimum

187 1972 268 2012 est.
314 1968 481 2011 Tamen
512 1967 557 2010 in
589 1967 688 2011 aliis
710 1981 884 2021 quoque
904 1969 1047 2022 poetis
1067 1980 1335 2023 magnopere
1358 1971 1456 2011 erat
1475 1972 1683 2011 versatus

187 2036 303 2090 quod
335 2036 448 2079 effici
477 2039 626 2089 potest
655 2048 709 2079 ex
737 2036 999 2092 fragmentis
1031 2048 1145 2090 quae
1177 2036 1232 2079 ad
1264 2048 1344 2079 nos
1365 2040 1682 2091 pervenerunt.

186 2105 460 2149 Felicissimo
489 2105 668 2161 ingenio
700 2105 981 2161 elegantique
1011 2117 1199 2159 poeseos
1231 2117 1368 2148 sensu
1388 2104 1617 2158 praeditus
1637 2103 1682 2148 in

187 2173 432 2217 scribendis
477 2172 600 2215 libris
636 2172 840 2226 limpidos
886 2172 1039 2216 adibat
1072 2173 1233 2226 poetici
1278 2172 1494 2216 sermonis
1523 2168 1683 2226 fontes,

185 2241 251 2286 ita
286 2245 336 2285 ut
371 2244 597 2295 tamquam
636 2240 773 2297 largis
810 2241 968 2285 flueret
1004 2241 1136 2287 undis
1177 2242 1272 2285 eius
1318 2241 1475 2285 oratio.
1537 2241 1683 2296 Quae-

187 2322 373 2363 cumque
405 2310 527 2362 dixit,
559 2310 752 2352 oratorie
784 2310 1019 2363 verbisque
1042 2309 1398 2365 exquisitissimis
1421 2321 1555 2364 saepe
1577 2322 1683 2354 vero

186 2378 495 2423 tumidioribus
522 2379 723 2422 elocutus
745 2382 827 2431 est,
858 2391 996 2432 quare
1018 2378 1080 2422 nil
1100 2383 1170 2423 est
1196 2378 1530 2422 convenientius
1549 2378 1683 2432 *quam

187 2448 304 2501 quod
350 2448 404 2491 de
451 2447 545 2490 eius
590 2447 692 2490 stilo
736 2446 874 2490 tradit
918 2446 1048 2502 Diog.
1086 2447 1237 2490 Laert.
1274 2447 1352 2490 IV.
1371 2450 1437 2490 25.
1483 2445 1600 2492 δεενὸς
1637 2446 1684 2502 ἦν

302 2571 335 2616 *)
360 2570 592 2606 Falsissima
614 2570 781 2614 protulit
803 2570 1007 2613 Kayserus
1030 2570 1074 2604 111
1099 2570 1194 2605 diss.
1219 2570 1300 2613 „De
1326 2570 1515 2605 Crantore
1534 2572 1685 2607 Acade-

187 2628 312 2662 mieo“
336 2637 414 2672 pag
438 2627 482 2662 37
519 2627 588 2672 qui
618 2626 834 2662 verisimile
870 2636 956 2663 6886
980 2630 1100 2672 negat
1124 2627 1356 2663 Ciceronem
1380 2627 1553 2663 eundem
1577 2629 1686 2664 hunc

188 2684 390 2720 Crantoris
414 2684 565 2719 librum
587 2684 652 2719 bis
677 2684 919 2720 exhausisse.
955 2685 1008 2719 At
1031 2684 1068 2720 si
1090 2687 1321 2729 reputamus
1346 2684 1524 2719 Tullium
1547 2686 1687 2722 eodem

188 2744 365 2785 temporo
388 2741 445 2787 (45
463 2752 494 2776 a.
513 2741 603 2776 Chr.
620 2741 673 2786 n.)
697 2741 837 2776 eadem
861 2741 910 2776 de
934 2752 979 2776 re
1002 2741 1067 2776 bis
1089 2741 1308 2785 scripsisse,
1333 2741 1398 2775 vel
1415 2743 1687 2778 necessarium

188 2798 500 2834 existimaverim
523 2800 738 2842 utrumque
761 2797 912 2833 librum
936 2798 1193 2833 multifariam
1217 2798 1321 2832 inter
1345 2808 1432 2832 sese
1455 2791 1687 2844 cong-ruere.
