1899 3126
795 193 1077 234 -15-

190 317 246 362 ab
282 317 482 362 omnibus
526 317 826 371 praedilectus
857 330 912 359 ex
950 318 1034 360 1136
1069 317 1247 360 mortali
1278 317 1369 360 vita
1399 321 1627 370 tamquam
1659 330 1683 359 e

190 386 393 430 convivio
430 386 660 441 digressus
704 384 906 428 divorum
944 385 1112 428 amicus
1157 385 1330 438 piorum
1367 390 1494 429 tenes
1531 398 1685 440 regna,

191 455 373 497 coelesti
421 454 582 497 frueris
631 453 864 506 felicitate,
915 456 1023 506 quot
1071 453 1252 506 quantis
1302 466 1433 506 quam
1484 453 1687 497 dulcibus

191 523 383 568 afficeris
415 521 801 567 delectationibus!
833 545 888 551 .-
917 522 981 565 Ut
1011 522 1111 566 finis
1141 520 1300 576 prioris
1330 522 1473 576 partis
1504 523 1600 566 loco
1632 535 1686 565 ex

190 593 379 636 Platone
424 592 562 646 petito
606 594 835 643 tamquam
880 590 1086 633 diadema
1131 590 1315 644 accepit,
1361 591 1425 633 ita
1468 591 1689 644 posterior

193 673 366 714 quoque
395 672 502 714 pars
533 671 692 702 versus
722 658 853 701 finem
883 658 1128 702 Platonicis
1159 659 1390 702 sententiis
1418 659 1688 713 amplificata

193 732 238 771 et
282 731 500 771 exornata
544 731 625 770 est.
684 727 739 768 In
775 727 1057 780 peroratione
1095 725 1148 779 (c.
1181 726 1253 779 37)
1298 727 1503 770 hortatur
1538 729 1690 770 noster

192 796 476 850 Apollonium
520 799 570 839 ut
605 795 780 839 honesti
824 798 869 838 et
904 795 1108 849 generosi
1154 795 1238 838 viri
1275 796 1468 838 animum
1503 796 1687 848 recipiat

193 865 412 918 finemque
442 864 578 907 faciat
609 863 859 919 lugubrium
896 864 1273 907 lamentationum.

309 933 377 976 Ex
405 932 461 976 iis
493 945 608 986 quae
646 932 832 986 exposui
863 932 972 976 satis
1010 932 1193 988 effulget
1222 934 1513 976 Plutarchum
1551 933 1689 976 haud-

196 1014 419 1055 quaquam
448 1001 701 1044 insollerter
729 1001 775 1043 in
796 1005 949 1044 nostro
971 1000 1117 1043 libello
1139 1001 1441 1054 componendo
1462 1005 1690 1045 versatum

196 1083 306 1114 esse.
345 1071 408 1113 At
424 1069 495 1113 fac
511 1082 713 1113 mancam
730 1081 829 1113 esse
847 1072 891 1112 et
908 1082 1067 1124 vagam
1091 1070 1306 1113 materiae
1323 1069 1692 1121 distributionem,

195 1143 344 1181 tamen
373 1138 417 1180 id
448 1138 625 1180 minime
655 1137 818 1181 sufficit
847 1137 905 1180 ad
935 1137 1212 1191 probandam
1243 1138 1471 1191 scriptoris
1502 1139 1692 1181 auctori-

196 1210 348 1257 tatem.
385 1206 601 1259 siquidem
631 1206 780 1249 multis
818 1206 918 1249 aliis
953 1206 1095 1259 iisque
1131 1206 1336 1261 genuinis
1372 1207 1548 1260 scriptis
1577 1206 1693 1251 idem

198 1274 359 1319 accidit
406 1287 496 1328 qua
545 1273 599 1318 de
649 1287 696 1317 re
746 1274 967 1328 copiosius
1012 1275 1104 1330 egit
1149 1274 1364 1319 Siefertus
1418 1276 1599 1332 egregia
1648 1276 1693 1318 in

197 1344 510 1388 dissertatione
555 1344 624 1386 De
661 1343 829 1397 aliquot
864 1343 1096 1387 Plutarchi
1147 1344 1411 1398 scriptorum
1463 1344 1695 1388 moralium

199 1412 513 1466 compositione
546 1415 679 1465 atque
709 1412 868 1455 indole.
928 1413 1073 1455 Jenae
1107 1416 1228 1455 1895.
1290 1413 1569 1466 Quicumque
1603 1414 1695 1456 tale

199 1480 305 1535 quid
356 1483 510 1524 nostro
561 1480 710 1523 libello
755 1480 863 1523 vitio
913 1484 1093 1523 vertunt
1139 1494 1322 1534 prorsus
1373 1482 1697 1524 obliviscuntur

200 1548 556 1592 Consolationem
601 1547 646 1590 in
692 1548 980 1601 epistolarum
1025 1561 1188 1604 genere
1231 1562 1331 1592 esse
1378 1549 1697 1593 numerandam

200 1617 358 1672 quibus
402 1617 446 1660 in
492 1616 735 1661 scribendis
780 1631 933 1661 omnes
978 1618 1170 1662 omnium
1207 1622 1451 1671 temporum
1497 1619 1697 1662 homines

199 1687 402 1730 liberiore
449 1685 622 1729 dicendi
651 1686 824 1729 ratione
869 1699 974 1730 11808
1006 1700 1104 1730 6886
1151 1699 1284 1741 quam
1314 1688 1359 1730 111
1396 1687 1698 1741 componenda

201 1754 568 1800 commentatione
612 1754 914 1809 philosophica
951 1756 1022 1798 vel
1066 1756 1111 1798 in
1148 1756 1348 1799 oratione
1385 1756 1591 1800 habenda
1624 1757 1699 1798 vix

202 1828 269 1867 est
298 1823 415 1878 quod
446 1835 660 1866 moneam.
705 1823 960 1871 Recordare
983 1824 1119 1867 etiam
1141 1824 1201 1867 sis
1223 1837 1337 1877 quae
1360 1827 1514 1868 noster
1534 1824 1698 1878 optimo

200 1894 246 1936 in
276 1893 424 1937 libello
454 1892 535 1949 περὶ
566 1892 748 1945 εὐθυμίας
776 1906 817 1945 p.
849 1896 933 1935 465
964 1893 1137 1936 dixerit.

316 1961 419 2004 Uno
463 1961 601 2003 verbo
646 1960 807 2012 addam
853 1972 921 2003 me
968 1959 1143 2014 quidem
1189 1961 1358 2004 nescire
1410 1973 1468 2005 an
1523 1974 1610 2005 non
1654 1961 1698 2004 111

203 2029 475 2083 disponendo
505 2030 682 2083 proprio
714 2030 772 2072 sit
803 2042 912 2073 usus
943 2030 1139 2081 consilio,
1179 2043 1233 2072 36
1262 2043 1349 2073 11011
1379 2031 1529 2084 potius
1560 2031 1703 2073 subsit

204 2111 231 2142 a
261 2097 476 2142 Crantore
515 2097 714 2141 adhibita
751 2097 992 2151 dispositio.
1054 2098 1118 2141 At
1147 2099 1259 2141 haec
1298 2099 1435 2142 missa
1472 2098 1700 2151 faciamus,

202 2167 289 2210 iam
320 2166 476 2219 pedem
507 2167 797 2220 proferamus.

960 2285 999 2324 5.

717 2359 786 2403 De
816 2278 1181 2404 fldifhistorica.

318 2454 359 2495 p.
391 2444 716 2487 28910-,29210
752 2440 1042 2492 adumbratur
1071 2440 1296 2484 sententia
1325 2440 1525 2484 homines
1556 2441 1701 2484 luctus

205 2509 430 2554 minuendi
460 2521 599 2553 causa
628 2510 781 2554 oculos
813 2523 841 2553 a
861 2522 908 2553 se
931 2512 1137 2553 avertere
1158 2512 1204 2552 et
1224 2508 1279 2553 ad
1305 2508 1416 2552 alios
1438 2514 1701 2553 convertere

207 2580 424 2632 oportere.
475 2577 722 2621 Imitandos
748 2578 954 2632 proponit
974 2590 1075 2621 cum
1096 2577 1208 2621 alios
1228 2580 1323 2620 tum
1343 2577 1702 2631 Demosthenem,

207 2646 409 2698 Dionem,
430 2646 659 2689 Periclem.
712 2645 839 2699 Quae
861 2646 1189 2690 Consolationis
1216 2645 1438 2698 particula
1466 2645 1703 2697 plurimum

209 2714 407 2764 exhibuit
435 2714 542 2757 viris
572 2713 713 2758 doctis
744 2713 922 2769 negotii,
960 2726 1061 2757 cum
1091 2716 1243 2758 noster
1277 2713 1348 2756 hic
1390 2713 1435 2755 in
1481 2713 1705 2756 nonnullis

207 2782 334 2833 haud
358 2783 518 2826 leviter
538 2782 760 2835 discrepet
779 2782 835 2825 ab
855 2781 910 2825 iis
932 2794 1047 2835 quae
1069 2781 1252 2825 tradidit
1271 2782 1316 2824 in
1338 2781 1442 2824 vitis
1463 2781 1703 2834 parallelis.
