1899 3126
313 770 567 852 Postquam
603 799 871 842 Benselerus
915 799 961 842 in
1005 799 1130 852 libro,
1177 813 1306 853 quem
1351 802 1598 854 composuit
1633 801 1688 845 de

192 866 317 910 hiatu
346 867 391 909 in
422 867 709 919 scriptoribus
741 865 928 910 Graecis
951 879 1053 921 pag.
1084 870 1170 910 430
1200 880 1294 920 sqq.
1329 866 1689 912 Consolationem

193 935 250 978 ad
271 935 553 988 Apollonium
578 946 692 987 quae
710 934 940 977 Plutarchi
956 933 1129 977 nomine
1147 938 1343 978 nostram
1361 935 1417 978 ad
1434 937 1687 979 memoriam

192 1002 354 1045 mansit
385 1015 412 1045 a
443 1001 744 1045 Chaeronensi
780 1001 1039 1055 philosopho
1075 1002 1317 1055 profectam
1355 1016 1454 1047 esse
1493 1004 1688 1059 negavit,

191 1082 344 1112 omnes
375 1069 467 1112 fere
498 1069 582 1111 viri
613 1069 731 1112 docti
760 1068 838 1111 illa
866 1069 913 1111 in
945 1070 1165 1112 sententia
1186 1071 1519 1123 acquieverunt.
1570 1072 1688 1114 Ben-

191 1139 381 1181 selerum
413 1141 591 1180 secutus
619 1137 919 1180 Volkmannus
950 1138 1137 1190 primum
1167 1138 1213 1180 in
1238 1138 1550 1182 dissertatione
1574 1153 1688 1193 quae

189 1205 446 1248 inscribitur
483 1204 833 1257 „Commentatio
878 1204 931 1247 de
970 1206 1270 1248 consolatione
1309 1206 1364 1248 ad
1403 1207 1688 1260 Apollonium

190 1273 658 1326 Pseudoplutarchea“
689 1273 877 1315 Jaurav.
912 1276 1035 1325 1867,
1067 1273 1224 1316 deinde
1255 1274 1300 1316 in
1331 1275 1457 1326 libro,
1489 1275 1563 1327 qui
1595 1276 1688 1329 agit

191 1341 244 1384 de
277 1340 382 1393 vita,
421 1340 610 1394 scriptis,
646 1340 927 1394 philosophia
957 1341 1187 1384 Plutarchi
1219 1342 1304 1385 vol.
1336 1342 1371 1385 Ι.
1404 1355 1444 1396 p.
1482 1346 1562 1386 129
1593 1356 1687 1397 sqq.

191 1409 547 1453 Consolationem
584 1408 732 1463 frigidi
768 1408 998 1451 cuiusdam
1035 1410 1258 1462 sophistae
1297 1411 1557 1469 opusculum
1590 1424 1687 1454 esse

191 1478 375 1523 censuit.
422 1477 567 1532 Quam
588 1477 853 1521 sententiam
874 1477 1107 1533 impugnat
1127 1491 1241 1521 unus
1264 1478 1448 1522 Dinsius
1468 1476 1688 1535 (beitrage

190 1561 270 1596 zur
299 1547 433 1589 kritik
464 1546 543 1589 der
572 1545 845 1589 trostschrift
864 1546 1102 1589 Plutarchs
1132 1559 1188 1589 an
1211 1547 1488 1599 Apollonius.
1534 1547 1688 1589 Berlin

193 1606 337 1668 1874),
380 1626 522 1667 neque
560 1615 709 1656 tamen
756 1613 1029 1669 argumentis
1076 1614 1382 1666 comprobavit
1427 1614 1689 1668 opinionem,

190 1682 269 1738 sed
314 1683 428 1725 hanc
473 1682 527 1724 de
574 1682 765 1724 athetesi
810 1682 1114 1734 quaestionem
1159 1683 1204 1724 in
1250 1686 1477 1735 posterum
1518 1683 1688 1726 distulit

188 1755 362 1804 tempus
393 1762 508 1803 quae
539 1753 754 1802 quantum
783 1749 986 1802 equidem
1008 1749 1099 1793 scio
1122 1750 1313 1793 nondum
1336 1754 1404 1793 est
1425 1751 1545 1793 foras
1567 1750 1686 1794 dat-a.

195 1818 417 1873 Quoniam
455 1817 592 1873 igitur
622 1816 767 1860 adhuc
803 1817 885 1860 sub
916 1817 1060 1860 iudice
1097 1817 1151 1860 lis
1184 1821 1264 1869 est,
1311 1831 1473 1870 operae
1503 1818 1691 1871 pretium

191 1887 294 1930 mihi
338 1886 485 1930 visum
516 1889 582 1929 est
627 1889 765 1928 totam
803 1885 1107 1938 quaestionem
1147 1885 1200 1928 de
1231 1886 1404 1941 integro
1441 1886 1691 1939 instituere,

191 1960 278 1999 non
314 1959 364 1998 ut
408 1967 498 1997 rem
538 1954 594 1997 ad
639 1953 768 1996 finem
812 1953 1055 2006 perducere
1094 1953 1330 2006 pericliter,
1368 1978 1424 1982 ——
1461 1954 1532 1997 cui
1568 1955 1691 2008 operi

190 2023 403 2076 imparem
434 2035 501 2065 me
533 2035 634 2065 esse
664 2021 852 2075 ingenue
884 2021 1027 2081 fateor
1058 2045 1112 2049 —
1144 2021 1222 2064 sed
1255 2025 1304 2064 ut
1333 2035 1433 2064 mea
1459 2035 1539 2075 pro
1560 2026 1689 2075 parte

193 2090 371 2134 veritati
403 2090 821 2144 appropinquarem:
854 2102 936 2133 nec
964 2089 1131 2133 frustra
1153 2089 1397 2133 desudasse
1419 2103 1473 2134 ac
1493 2090 1688 2134 laborem

192 2159 519 2214 consumpsisse
550 2159 655 2201 mihi
685 2158 882 2212 videbor,
914 2159 951 2201 si
982 2159 1082 2212 quis
1112 2159 1179 2201 his
1209 2158 1399 2214 pagellis
1422 2158 1479 2201 ad
1501 2158 1688 2201 eandem

186 2240 283 2270 rem
329 2228 473 2270 denuo
518 2226 877 2282 investigandam
923 2226 1184 2270 adducetur.
1244 2227 1372 2269 Haec
1419 2230 1523 2270 sunt
1562 2239 1690 2280 prae-

192 2295 424 2348 monenda,
456 2308 511 2338 ne
549 2295 648 2348 quis
679 2294 886 2349 opinione
916 2295 1225 2349 praeiudicata
1263 2295 1319 2338 ad
1351 2295 1467 2338 hunc
1498 2295 1691 2338 libellum

194 2364 396 2416 accedat3
427 2364 515 2406 iam
548 2363 604 2406 ad
634 2375 727 2405 rem
756 2363 899 2416 ipsam
928 2366 1226 2407 transeamus.

948 2504 985 2543 l.

774 2579 843 2623 De
874 2498 1104 2624 sinubus.

307 2673 584 2727 Quicumque
623 2671 926 2716 Consolationi
966 2671 1024 2715 ad
1061 2672 1346 2725 Apollonium
1390 2671 1691 2714 Plutarcheae

191 2742 262 2785 vel
294 2740 572 2801 mediocriter
602 2739 774 2784 dederit
803 2753 997 2794 operam,
1039 2739 1374 2798 obstupefactus
1405 2739 1608 2782 haerebit
1637 2739 1692 2783 ob

1510 2806 1548 2841 1*
