1899 3126
784 171 1065 216 -17—

177 293 253 347 qui
293 294 447 345 omnia
472 298 699 341 accurate
740 294 787 338 in
829 293 1173 344 commentarios
1217 293 1367 347 refert,
1403 292 1493 337 sed
1522 293 1672 336 mitem

176 363 501 413 consolatorem
522 365 851 416 humanumque
872 362 1044 410 doloris·
1057 361 1287 405 lenitorem
1309 374 1408 405 sese
1428 365 1673 414 praestare.

564 555 634 600 De
664 474 902 611 pomoni?
907 481 1287 618 Asspolloniorum.

237 660 239 663 v
272 606 596 680 Volkmannus
625 635 797 679 crimini
826 636 1089 680 vertendum
1119 647 1219 679 esse
1249 636 1492 679 Plutarcho
1523 640 1674 679 censet

177 703 295 757 quod
313 716 482 758 parum
511 716 727 757 personas
756 703 1004 757 respexerit
1033 707 1078 749 et
1108 703 1203 747 eius
1234 702 1289 746 de
1319 716 1406 756 quo
1427 716 1675 747 sermonem

175 771 369 817 instituit
413 776 457 815 et
501 772 596 815 eius
642 772 698 815 ad
734 784 866 825 quem
896 784 1142 816 sermonem
1171 771 1376 814 instituit.
1436 772 1536 815 Hoc
1566 785 1673 816 vero

176 839 353 885 minime
381 844 504 885 recte
536 853 636 885 sese
666 839 813 884 habet.
872 841 988 884 Nam
1019 840 1168 897 cogita
1194 851 1362 895 quaeso
1382 841 1674 884 Plutarchum

176 923 335 953 munus
366 910 591 963 Apollonii
620 910 674 952 de
705 913 844 953 morte
875 910 952 952 filii
983 909 1239 954 consolandi
1269 910 1427 952 obiise:
1473 910 1560 952 iam
1606 911 1672 953 in·

176 978 351 1035 telliges
382 991 438 1021 ne
469 978 692 1021 tantillum
723 977 898 1032 quidem
928 978 1048 1032 patri
1077 977 1256 1021 laudem
1287 977 1343 1020 ad
1365 977 1505 1031 ipsius
1528 990 1673 1022 mores

178 1050 222 1090 et
252 1046 513 1102 dignitatem
544 1049 820 1099 spectantem
852 1046 908 1089 ad
938 1046 1135 1089 dolorem
1167 1044 1509 1099 consopiendam
1528 1045 1673 1099 'expe-

178 1113 370 1160 dituram
399 1114 551 1158 fuisse.
613 1114 743 1169 Quod
775 1117 926 1159 autem
952 1114 1069 1158 idem
1105 1113 1391 1167 reprehendit
1420 1114 1537 1167 quod
1568 1115 1676 1158 nihil

177 1183 363 1237 legimus
394 1183 448 1225 de
479 1184 651 1226 ratione
683 1196 772 1235 qua
801 1184 889 1225 iam
919 1184 1015 1236 ipse
1047 1183 1312 1235 Apollonius
1343 1182 1456 1224 alias
1495 1195 1674 1225 suorum

178 1250 328 1294 clades
349 1251 595 1305 pertulerit,
627 1251 711 1294 hoc
730 1250 963 1295 ridiculum
985 1254 1065 1295 est.
1117 1250 1322 1305 Quonam
1344 1249 1522 1294 tandem
1545 1251 1674 1295 modo

177 1323 325 1374 potest
346 1320 460 1363 scire
481 1320 790 1363 Volkmannus
821 1323 968 1366 utrum
989 1320 1225 1373 Apollonio
1255 1319 1342 1362 iam
1366 1323 1470 1362 ante
1496 1321 1675 1376 cognati

179 1391 257 1432 aut
285 1388 413 1431 liberi
444 1388 582 1441 aliqui
613 1387 701 1431 sint
732 1387 871 1444 erepti
903 1387 1069 1432 necne?
1100 1388 1198 1431 Hoc
1219 1387 1416 1431 estnihil
1438 1388 1559 1431 aliud
1590 1389 1674 1432 nisi

177 1457 410 1500 Plutarchi
453 1456 578 1512 fungi
628 1455 883 1500 muneribus
935 1448 1213 1509 alienamque
1259 1469 1466 1498 exercere
1517 1461 1672 1499 artem.

178 1524 505 1568 Chaeronensis
536 1529 605 1567 est
635 1523 818 1567 arbitrio
863 1523 1206 1578 permittendum
1252 1529 1303 1566 ut
1347 1523 1514 1567 scribat
1557 1524 1674 1577 quod

178 1596 370 1646 quotque
400 1593 498 1635 vult
529 1606 587 1636 an
609 1593 903 1636 Volkmanni?
935 1592 1064 1646 Quod
1086 1592 1247 1636 attinet
1268 1592 1323 1634 ad
1347 1593 1537 1635 alteram
1558 1593 1674 1636 vitu—

177 1661 452 1715 perationem
483 1661 600 1714 quod
631 1664 782 1704 noster
810 1673 969 1714 parum
999 1660 1053 1703 de
1084 1660 1173 1705 filio
1201 1660 1407 1704 defuncto
1427 1661 1673 1714 protulerit,

178 1729 303 1781 satis,
334 1741 389 1771 ne
421 1728 564 1772 dicam
595 1729 789 1781 nimium,
822 1728 985 1772 dictum
1017 1732 1087 1772 est
1116 1728 1170 1771 de
1205 1728 1301 1772 eius
1347 1729 1586 1772 virtutibus
1629 1730 1674 1772 in

177 1810 273 1850 cap.
305 1801 372 1839 34.
433 1797 550 1850 Quid
581 1798 696 1839 enim
728 1800 826 1840 erat
857 1797 1045 1850 amplius
1091 1796 1341 1843 addendum
1387 1796 1440 1840 de
1485 1798 1674 1850 peradu-

176 1865 420 1909 lescentulo
452 1865 527 1917 qui
557 1865 751 1908 nondum
773 1877 828 1907 ex
849 1865 1029 1918 ephebis
1051 1869 1307 1908 excesserat
1328 1878 1470 1918 neque
1494 1879 1674 1908 munere

176 1933 352 1987 publico
383 1937 481 1976 erat
510 1933 768 1987 perfunctus
801 1945 943 1986 neque
976 1932 1033 1976 ad
1064 1933 1228 1976 bellum
1258 1933 1562 1988 profectus?*)

935 2050 973 2090 7.

722 2126 792 2170 De
821 2045 1129 2173 tejtimoniis.

288 2217 560 2260 Benselerus
591 2218 893 2261 coniecturam
923 2218 978 2260 de
1008 2218 1127 2261 falsa
1144 2218 1376 2262 Plutarchi
1407 2220 1672 2263 auctoritate

176 2285 396 2339 prolatam
442 2298 497 2329 ea
541 2297 717 2340 quoque
761 2300 810 2330 re
856 2286 1063 2331 adiuvari
1108 2290 1240 2341 putat
1269 2288 1387 2341 quod
1419 2288 1673 2332 Consolatio

176 2356 332 2397 nostra
362 2366 389 2396 a
419 2354 540 2396 nullo
561 2358 762 2397 veterum
783 2354 950 2398 diserte
971 2359 1315 2398 commemorata
1335 2356 1411 2408 sit;
1442 2356 1558 2410 quod
1579 2360 1673 2399 toto

176 2425 226 2465 ut
252 2422 381 2465 aiunt
410 2423 534 2465 coelo
569 2421 736 2466 distare
769 2433 809 2466 a'
827 2436 934 2466 vero
963 2423 1053 2466 iam
1082 2424 1391 2468 Volkmannus
1421 2428 1541 2468 recte
1571 2438 1672 2479 per-

176 2491 332 2544 spexit.
392 2491 566 2533 Etenim
603 2492 686 2534 hoc
717 2492 757 2534 ei
789 2505 885 2535 cum
925 2492 1077 2536 multis
1108 2492 1208 2536 aliis
1238 2494 1466 2537 Plutarchi
1497 2494 1673 2548 scriptis

177 2572 411 2602 commune*
436 2562 505 2602 est
535 2560 725 2612 quaein
756 2561 1052 2614 suspicionem
1083 2561 1305 2604 adducere
1336 2562 1497 2604 nemini
1528 2562 1674 2606 adhuc

175 2628 221 2670 in
251 2631 442 2671 mentem
463 2628 598 2670 venit.
645 2627 734 2681 Qui
753 2628 918 2671 dicitur
936 2629 1070 2671 index
1090 2630 1328 2681 Lampriae
1348 2631 1432 2672 sub
1450 2643 1565 2672 num.
1592 2635 1670 2674 111

290 2761 323 2808 *)
348 2765 386 2797 at
409 2763 457 2797 cf.
483 2761 561 2808 §›8.
