1899 3126
822 143 1084 182 -4—

197 263 526 309 multitudinem
566 265 762 308 locorum
800 278 854 307 ex
892 265 994 309 aliis
1032 264 1319 319 scriptoribus
1356 262 1606 317 petitorum,
1641 262 1707 306 ita

199 336 250 377 ut
287 333 579 388 philosophus
616 333 944 376 Chaeronensis
976 334 1085 376 nihil
1128 333 1248 377 aliud
1293 333 1379 377 nisi
1414 333 1560 376 fontes
1596 344 1707 385 quos

198 401 312 445 forte
348 402 403 445 ‘in
442 401 646 446 manibus
692 401 887 446 habebat
927 403 1207 446 contexuisse
1255 406 1387 456 atque
1420 401 1477 445 ad
1522 400 1705 444 verbum

198 483 341 524 paene
373 471 595 524 expilasse
625 470 844 514 videatur.
894 471 1130 515 Mutuatur
1151 472 1265 515 enim
1291 471 1414 515 hisce
1436 470 1491 514 ab
1514 469 1705 514 auctori—

198 539 302 583 bus:
324 552 352 582 a
371 540 646 593 philosophis
663 539 909 592 Heraclito,
927 540 1201 596 Pythagora,
1219 541 1483 595 Protagora,
1499 539 1705 591 Platone,

200 607 457 659 Aristotele,
489 607 722 660 Crantore.
753 608 1004 661 Arcesilao,
1037 622 1065 652 a
1084 609 1228 662 poetis
1249 609 1458 661 Homero,
1491 606 1704 659 Hesiodo,

198 675 410 728 Pindaro,
458 675 696 728 Simonide,
744 677 983 730 Aeschylo,
1030 677 1261 730 Sophocle,
1312 678 1433 728 Ione,
1480 674 1704 727 Euripide,

200 743 404 795 Achaeo,
455 743 745 796 Epicharmo,
795 744 1064 798 Menandro,
1114 745 1393 797 Philemone,
1451 757 1478 787 a
1527 743 1704 786 rhetore

199 811 438 855 Aeschine.
500 812 573 855 Sic
610 812 803 855 omnium
840 812 933 856 fere
968 813 1236 866 scriptorum
1275 812 1483 855 nobilium
1515 811 1706 866 vestigia

199 882 386 932 possunt
416 879 685 933 deprehendi
718 893 772 923 ac
800 881 1005 934 perspici,
1043 881 1220 934 iamque
1252 884 1320 924 est
1349 881 1394 922 in
1427 892 1526 922 eum
1557 879 1703 922 locum

200 945 395 992 adducta
431 961 518 1000 res,
565 952 611 991 ut
643 949 914 992 Plutarchus
950 949 996 991 in
1027 950 1270 993 Plutarcho
1317 948 1375 992 sit
1407 946 1702 1001 quaerendus.

199 1015 412 1060 Attamen
454 1019 520 1060 tot
552 1017 697 1059 fontes
744 1029 771 1059 a
802 1020 954 1060 nostro
1000 1030 1099 1060 esse
1131 1016 1352 1060 adhibitos
1398 1015 1600 1070 equidem
1630 1015 1705 1058 vix

198 1083 460 1127 crediderim
492 1084 667 1128 duabus
699 1099 753 1127 ex
784 1086 953 1129 causis:
991 1086 1179 1140 primum
1210 1085 1328 1139 quod
1361 1086 1477 1128 hunc
1508 1084 1702 1127 libellum

197 1152 383 1195 iuvenili
415 1156 565 1196 aetate
597 1153 787 1206 scripsit,
820 1154 895 1196 ubi
928 1167 1016 1197 non
1047 1158 1138 1197 tam
1159 1155 1389 1197 volutatus
1409 1156 1586 1206 poterat
1607 1165 1704 1195 esse

197 1220 243 1263 in
289 1220 462 1274 litteris,
509 1222 686 1274 qualem
733 1235 834 1264 eum
879 1222 950 1265 hic
996 1222 1214 1265 novimus.
1275 1222 1328 1264 cf.
1377 1220 1705 1276 Wyttenbachii

198 1289 439 1332 Animadv.
470 1290 516 1332 in
537 1289 656 1333 Plut.
680 1303 779 1343 opp.
808 1303 915 1333 mor.
939 1291 1025 1334 vol.
1047 1291 1096 1334 H
1116 1304 1158 1344 p.
1181 1294 1249 1333 24.
1280 1290 1445 1333 Baehr.
1467 1289 1533 1332 Pl.
1558 1289 1704 1332 werke

190 1358 281 1400 vol.
315 1361 383 1400 22.
414 1371 457 1411 p.
489 1362 595 1409 2943
641 1358 800 1401 deinde
838 1358 955 1412 quod
1002 1371 1175 1402 summa
1210 1358 1494 1401 festinatione
1540 1358 1584 1399 in
1621 1358 1705 1400 hoc

196 1425 346 1470 libello
384 1426 687 1481 componendo
726 1430 794 1470 est
826 1430 1033 1471 versatus
1071 1426 1115 1471 id
1148 1426 1264 1481 quod
1301 1426 1450 1470 multis
1482 1439 1536 1469 ex
1573 1425 1704 1470 rebus

195 1498 344 1548 potest
374 1495 614 1538 enucleari.
662 1496 812 1549 Quare
846 1495 957 1539 adeo
985 1509 1073 1538 non
1101 1495 1393 1541 concesserim
1414 1495 1705 1538 Plutarchum

195 1562 312 1607 hanc
333 1563 601 1607 sententiam
626 1576 681 1607 ex
701 1563 784 1607 hoc
807 1563 1038 1618 scriptore,
1069 1564 1192 1607 illam
1213 1577 1268 1607 ex
1288 1564 1363 1607 illo
1385 1563 1702 1617 desumpsisse,

197 1636 246 1674 ut
274 1633 424 1686 potius
462 1637 658 1675 statuam
691 1645 791 1676 eum
829 1645 966 1676 unum
996 1632 1275 1686 potissimum
1316 1636 1543 1675 auctorem
1574 1645 1704 1685 quem

194 1705 460 1755 sequeretur
507 1700 562 1744 ob
594 1701 746 1745 oculos
792 1700 1004 1745 habuisse
1041 1704 1176 1755 atque
1215 1714 1349 1744 unum
1389 1701 1517 1754 quasi
1549 1701 1703 1744 ducem

193 1769 276 1811 sibi
308 1768 499 1823 elegisse
529 1771 760 1821 totumque
792 1769 888 1811 eius
920 1769 1079 1812 librum
1109 1769 1349 1811 rettulisse.
1397 1768 1507 1823 Quis
1537 1768 1607 1811 hic
1628 1768 1700 1820 sit,

192 1835 314 1881 haud
364 1835 543 1881 difficile
595 1841 663 1881 est
712 1836 852 1881 dictu:
904 1842 973 1882 est
1023 1837 1228 1891 Crantor,
1279 1837 1577 1881 nobilissimus
1625 1837 1699 1880 ille

192 1905 466 1950 Academiae
483 1906 650 1949 veteris
672 1906 971 1959 philosophus.
1013 1905 1292 1960 Quamquam
1308 1905 1526 1949 latissime
1543 1899 1699 1959 patent

192 1973 373 2018 litterae
413 1974 755 2027 consolatoriae,
786 1998 841 2004 ——
871 1974 1153 2027 Posidonius,
1198 1974 1420 2026 Eudorus,
1461 1974 1698 2026 Pindarus,

192 2041 471 2094 Alcidamus‚
503 2041 718 2095 Antipho,
748 2042 1046 2095 Xenocrates,
1077 2041 1411 2096 Theophrastus
1439 2041 1515 2084 alii
1536 2041 1619 2084 hoc
1641 2041 1699 2084 ad

192 2122 335 2165 genus
355 2109 584 2165 pertinent
615 2135 668 2139 —
689 2115 840 2154 tamen
862 2110 1065 2154 omnibus
1087 2109 1264 2154 excellit
1286 2109 1480 2154 Crantor
1500 2109 1698 2154 Solensis

191 2179 266 2232 qui
297 2178 590 2222 clarissimam
623 2179 972 2222 consolationem
1003 2178 1060 2224 ad
1080 2178 1345 2232 Hippoclem
1377 2177 1430 2221 de
1457 2177 1535 2230 filii
1557 2183 1696 2221 morte

190 2245 513 2292 consolandum
559 2246 738 2301 scripsit
789 2260 922 2302 quam
966 2247 1189 2304 integram
1240 2246 1354 2291 diem
1404 2260 1492 2290 non
1542 2247 1697 2291 tulisse

190 2315 581 2359 vehementissime
627 2315 840 2360 dolemus.
908 2316 953 2360 A
997 2315 1216 2361 Crantore
1261 2314 1433 2377 pendet
1470 2314 1696 2360 Ciceronis

189 2384 446 2429 Consolatio
491 2385 585 2427 sive
623 2384 678 2427 de
724 2385 847 2428 luctu
882 2384 1120 2428 minuendo
1165 2384 1288 2427 liber.
1323 2384 1376 2427 cf.
1407 2379 1521 2427 Plin.
1552 2385 1607 2427 N.
1638 2385 1695 2427 H.

188 2452 327 2505 praef.
375 2456 451 2503 223
502 2452 579 2494 sed
631 2465 686 2495 ne
734 2453 847 2495 haec
896 2452 1073 2506 quidem
1117 2452 1328 2506 temporis
1374 2452 1695 2507 malignitatem

189 2520 545 2572 edacitatemque
568 2519 738 2575 effugit.
778 2519 1080 2574 Compensant
1096 2533 1203 2563 vero
1221 2519 1388 2573 aliquid
1405 2520 1518 2562 haec
1533 2520 1696 2563 damna

189 2588 350 2642 quibus
383 2588 444 2630 nil
471 2590 619 2641 potest
642 2587 831 2644 cogitari
851 2587 1042 2632 flebilius
1063 2588 1348 2632 Tusculanae
1371 2587 1695 2641 disputationes

187 2669 303 2710 quae
349 2656 503 2699 eodem
542 2657 638 2699 iure
684 2660 875 2710 possunt
911 2657 1129 2711 appellari
1169 2656 1580 2710 „Consolationes“.
1642 2659 1695 2700 In

186 2726 347 2779 quibus
354 2724 613 2769 Ciceronem
630 2725 781 2768 multis
797 2725 1002 2779 parti-bus
1016 2725 1247 2770 Crantoris
1262 2725 1458 2780 vestigia
1471 2725 1694 2778 pressisse
