1899 3126
793 144 1079 191 „13-

181 272 328 327 Quam
359 272 509 316 attulit
539 272 909 327 Wyttenbachius
939 273 1178 327 explicatio
1208 273 1350 317 nimis
1366 275 1583 318 contorta*
1616 275 1694 319 est

182 354 327 395 neque
357 340 493 385 habet
522 341 659 384 ullam
690 341 894 384 veritatis
931 341 1140 395 speciem,
1169 341 1477 386 Volkmannus
1522 341 1693 386 nodum·

182 409 312 463 quasi
343 408 492 465 gladio
523 408 737 452 dissecuit
766 422 929 452 novum
960 409 1064 453 inde
1087 413 1396 465 argumentum
1420 413 1578 464 petens
1599 423 1687 466 quo

182 475 544 522 Consolationem
575 477 633 520 ab
663 477 751 521 alio
782 480 918 531 atque
949 490 978 521 a
998 478 1301 522 Chaeronensi
1321 478 1566 532 profectam
1587 491 1686 523 esse

180 545 348 599 liquido
378 548 637 599 appareret:
690 545 745 588 In
790 545 951 599 quibus
996 558 1064 590 me
1111 546 1285 601 quidem
1331 547 1506 591 minime
1551 547 1687 591 habet

182 613 544 668 adstipulantem.
604 615 675 657 Ac
710 614 899 667 primum
945 614 1123 667 quidem
1167 615 1212 658 in
1243 616 1403 659 Pericl.
1435 615 1532 659 vita
1561 627 1598 659 c.
1630 619 1685 659 36

178 681 317 725 refert
346 681 512 725 Pericli
541 682 691 732 filium,
725 694 937 735 sororem,
973 687 1264 739 cognatorum
1299 683 1514 737 plurimos
1549 683 1686 738 pesti·

177 750 318 793 lentia
348 763 451 794 esse
482 752 683 804 ereptos3
729 751 847 804 quod
879 755 1024 804 aequo
1062 752 1221 796 tulisse
1266 752 1412 796 animo
1457 752 1685 808 egregium

177 818 337 872 virum,
368 818 510 863 donec
538 819 755 863 Paralum
784 819 915 864 unice
946 832 1002 863 ex
1031 820 1134 865 filiis
1165 820 1368 877 genuinis
1399 820 1685 876 superstitem

177 888 383 941 sepulcro
414 887 700 931 condidisset.
761 889 873 932 Tum
905 900 1013 932 vero
1044 889 1169 932 luctu
1199 889 1363 933 victum
1402 890 1603 942 plorasse
1643 894 1688 932 et

176 955 222 999 in
252 955 470 1010 plurimas
499 955 758 1010 prorupisse
789 956 1014 1000 lacrumas
1051 956 1168 1010 quod
1213 969 1341 1001 nemo
1385 970 1595 1011 umquam
1639 957 1685 1001 in

178 1024 255 1067 illo
286 1024 486 1068 vidisset.
547 1023 719 1068 Contra
747 1025 793 1066 in
824 1024 1141 1067 Consolatione
1180 1025 1317 1068 tradit
1346 1017 1566 1068 Periclem
1609 1026 1685 1069 ubi

178 1092 294 1136 filios
323 1092 378 1135 de
405 1092 503 1135 vita
532 1092 781 1136 decessisse
804 1093 1052 1146 accepisset
1072 1093 1351 1137 nihilosetius
1372 1094 1418 1137 in
1439 1107 1488 1137 re
1508 1093 1686 1147 publica

179 1161 535 1205 administranda
579 1163 810 1203 versatum
848 1164 893 1203 et
923 1161 1226 1211 Athenienses
1272 1161 1329 1204 ad
1376 1162 1539 1204 bellum
1584 1174 1685 1205 esse

181 1229 479 1271 exhortatum.
540 1228 609 1271 Ne
639 1227 769 1271 labar
805 1227 994 1284 longius,
1040 1227 1277 1272 discrimen
1322 1228 1594 1273 narrationis
1637 1229 1684 1272 in

176 1297 316 1350 ipsius
361 1296 427 1340 rei
472 1299 640 1340 natura
684 1299 752 1340 est
797 1296 1003 1350 positum.
1070 1297 1246 1340 Etenim
1292 1297 1331 1341 si
1375 1298 1488 1341 haec
1532 1297 1686 1342 fabula

177 1365 312 1409 huius
342 1365 481 1408 libelli
510 1365 740 1418 proposito
772 1364 1050 1408 conductura
1081 1368 1212 1418 esset,
1242 1365 1289 1408 in
1319 1366 1455 1409 talem
1486 1366 1684 1410 eamim-

176 1437 350 1478 mutare
383 1446 437 1477 ac
467 1437 729 1477 convertere
761 1433 952 1477 debebat
983 1446 1039 1477 ex
1067 1446 1157 1488 qua
1186 1434 1452 1487 Apollonius
1485 1435 1683 1479 solamen

175 1506 328 1555 posset
358 1502 552 1545 haurire.
604 1502 674 1544 Ea
694 1501 869 1545 ratione
891 1502 1219 1545 historiuncula
1239 1504 1308 1544 est
1329 1507 1485 1546 exorta
1505 1503 1684 1556 qualem

176 1583 296 1614 nunc
326 1570 536 1626 legimus:
569 1582 669 1613 eam
699 1570 883 1623 culpare
914 1574 984 1613 est
1014 1582 1112 1613 eam
1143 1582 1231 1613 non
1262 1570 1526 1626 intelligere.

290 1637 457 1681 Eodem
488 1650 673 1692 prorsus
704 1637 833 1681 modo
863 1651 936 1681 res
969 1651 1067 1681 sese
1097 1637 1233 1681 habet
1276 1638 1322 1681 in
1367 1638 1422 1682 iis
1467 1651 1583 1692 quae
1629 1639 1683 1682 de

176 1707 321 1750 Dione
352 1711 510 1749 narrat
538 1706 585 1750 in
615 1707 737 1749 vitae
768 1707 899 1749 Dion.
947 1719 982 1749 c.
1006 1710 1060 1748 55
1090 1707 1189 1749 coll.
1222 1709 1426 1749 2910—13.
1479 1707 1682 1760 Denique

178 1775 484 1818 Volkmannus
530 1775 666 1818 alium
716 1778 788 1818 est
832 1774 1046 1818 odoratus
1090 1775 1235 1817 locum
1281 1787 1367 1827 quo
1413 1775 1683 1819 Plutarchus

174 1843 411 1887 manifesto
443 1855 472 1886 a
502 1856 550 1887 se
589 1843 685 1897 ipse
723 1842 973 1887 dissideret.
1032 1843 1087 1885 In
1117 1842 1194 1885 vit.
1226 1843 1353 1886 Dem.
1386 1856 1421 1886 c.
1453 1848 1509 1887 22
1544 1844 1683 1887 tradit

175 1912 524 1956 Demosthenem
556 1911 711 1955 audita
740 1911 860 1967 regis
896 1910 1093 1965 Philippi
1122 1913 1263 1954 morte
1294 1910 1527 1964 splendida
1557 1914 1682 1955 veste

173 1980 219 2023 in
248 1980 474 2034 publicum
503 1980 699 2035 prodiise
731 1983 777 2023 et
805 1982 1068 2024 coronatum
1097 1979 1232 2033 idque
1263 1979 1450 2033 septimo
1481 1979 1552 2024 die
1578 1984 1682 2035 post

174 2049 293 2092 filiae
330 2049 512 2092 obitum.
573 2049 700 2092 Tunc
744 2061 852 2092 vero
898 2048 1100 2092 extitisse
1131 2048 1403 2092 Aeschinem
1446 2048 1681 2092 vehemen-

173 2117 343 2161 tissime
387 2117 433 2160 in
479 2130 579 2161 eum
624 2117 909 2161 invehentem
953 2120 1136 2171 propter
1171 2116 1378 2172 exiguum
1408 2128 1518 2172 erga
1546 2116 1680 2160 filiam

175 2198 384 2230 amorem.
445 2186 500 2228 In
532 2185 846 2229 Consolatione
878 2184 936 2228 ad
966 2184 1254 2237 Apollonium
1285 2197 1340 2227 ne
1378 2197 1467 2228 uno
1504 2184 1679 2237 quidem

174 2254 312 2298 verbo
343 2253 544 2298 laetitiae
570 2252 756 2297 interitu
775 2252 971 2306 Philippi
991 2255 1139 2296 motae
1160 2251 1269 2296 facit
1288 2251 1570 2306 mentionem,
1602 2253 1681 2297 sed

174 2323 351 2367 nonnisi
382 2325 554 2376 quanta
584 2321 720 2366 fuerit
749 2322 851 2365 eius
876 2321 1013 2365 animi
1044 2321 1250 2374 aequitas
1280 2321 1326 2363 in
1356 2320 1542 2364 ferenda
1560 2321 1681 2365 filiae

173 2394 314 2436 morte
344 2390 619 2445 pronuntiat,
663 2390 794 2434 simul
830 2389 950 2433 haud
996 2388 1204 2445 ambigue
1249 2388 1582 2433 criminationes-
1625 2390 1681 2433 ab

172 2460 401 2505 Aeschine
431 2459 694 2504 adversario
725 2459 888 2503 allatas
919 2458 1154 2512 repellens.
1205 2457 1333 2512 Quae
1362 2457 1518 2501 eadem
1546 2464 1681 2515 excu-

173 2529 290 2574 satio
311 2528 512 2573 etiam.in
533 2528 629 2572 vita
650 2528 777 2572 Dem.
799 2528 1004 2580 recurrit,
1030 2527 1105 2572 ubi
1130 2530 1328 2571 nostrum
1351 2526 1680 2571 Consolationis

172 2599 318 2642 locum
339 2596 569 2651 scriptoris
595 2597 742 2642 animo
765 2596 1053 2641 obversatum
1071 2607 1177 2640 esse
1189 2595 1395 2650 equidem
1415 2600 1678 2649 persuasum

172 2666 329 2709 habeo.
362 2665 849 2720 QuodsiVolkmannus
866 2664 995 2708 fidem
1012 2663 1271 2708 historicam
1284 2674 1423 2719 aegre
1438 2661 1681 2718 desiderat,

171 2745 357 2789 prorsus
372 2759 375 2763 -
388 2746 488 2777 eum
518 2733 633 2790 fugit
660 2733 954 2777 Plutarchum
969 2747 972 2750 ·
985 2732 1056 2776 hic
1093 2741 1181 2776 non
1225 2742 1374 2775 rerum
1419 2731 1701 2785 scriptorem-
