1899 3126
798 157 1084 197 -14-

188 272 297 316 illud
329 286 714 338 supervacaneum
747 281 816 321 est
845 303 901 308 —
932 278 987 323 de
1017 280 1201 324 mortuis
1232 281 1349 324 enim
1379 281 1490 325 bene
1521 286 1590 325 est
1620 295 1688 326 ac-

189 345 281 384 tum
312 366 365 371 —
400 348 446 386 et
475 344 735 398 absurdum,
765 358 869 390 nam
905 347 1022 391 ratio
1058 348 1233 405 flagita-t
1276 353 1325 392 ut
1368 350 1488 393 mala
1533 350 1692 403 quibus

188 410 335 453 luctus
368 415 437 454 est
467 413 833 457 annumerandus
864 427 996 468 quam
1030 418 1217 460 maxime
1248 417 1557 461 diminuamus.
1602 419 1691 461 Ne-

189 490 274 530 que
305 478 349 522 id
382 479 618 534 quicquam
650 481 788 525 habet
806 484 1014 528 momenti
1036 485 1152 539 quod
1175 489 1354 540 praeter
1373 498 1690 542 omnemspem

187 559 320 590 casus
351 549 503 591 evenit
533 562 630 613 cum
663 550 810 603 quivis
842 553 1043 597 eruditus
1088 555 1179 598 tale
1226 555 1327 608 quid
1367 568 1512 609 aequo
1544 556 1691 599 anim'o

185 616 442 669 prospicere
473 621 518 659 et
547 618 690 671 possit
720 624 765 661 et
795 619 969 664 debeat.
1032 622 1160 676 Quod
1193 626 1341 666 autem
1372 623 1521 667 subita
1550 626 1690 667 morte

170 687 387 736 -ereptum
419 684 519 728 ideo
550 698 652 729 esse
673 686 827 731 dicunt
847 688 1096 733 deflendum
1125 691 1240 744 quod
1263 691 1385 734 nulla
1404 692 1459 734 iis
1480 704 1535 734 ex
1555 692 1690 736 rebus

187 763 302 804 quae
334 753 455 795 vitae
487 758 670 798 nostrae
702 755 820 799 bona
850 757 1073 802 habentur
1108 759 1383 813 voluptatem
1426 759 1689 814 perceperit,

186 820 229 862 id
262 820 548 865 falsissimum
580 828 669 883 est:
701 837 804 867 nam
836 826 996 880 exiguo
1018 839 1099 870 nos
1121 828 1386 881 superstites
1406 828 1471 871 illi
1491 833 1690 882 tempore

184 889 462 942 praecedunt
492 902 548 934 ac
577 891 715 949 nihilo
759 893 859 948 plus
904 894 1095 951 obtingit
1140 896 1214 949 qui
1260 896 1405 940 serius
1451 909 1583 950 quam
1615 896 1689 950 qui

186 958 316 1001 citius
363 959 419 1002 ad
465 960 632 1004 inferos
677 963 956 1014 perveniunt.
1016 964 1069 1006 In
1115 977 1240 1018 capp.
1272 968 1440 1008 24—-36
1477 965 1691 1018 specialia

186 1027 341 1071 mortis
372 1032 688 1081 praematurae
721 1031 972 1075 solamenta
992 1032 1289 1086 proferuntur.
1336 1033 1486 1087 Atque
1516 1033 1689 1077 initium

187 1096 308 1149 capit
338 1100 491 1140 noster
520 1098 623 1140 inde
655 1103 703 1141 ut
734 1100 926 1142 exanimi
957 1106 1121 1143 sortem
1154 1102 1330 1144 beatam
1368 1114 1466 1145 esse
1498 1103 1689 1145 affirmet

187 1164 305 1218 quod
351 1164 561 1221 effugerit
604 1166 809 1211 miserias
855 1172 901 1210 et
950 1169 1271 1213 sollicitudines
1321 1183 1436 1223 quae
1487 1171 1689 1214 omnibus

187 1232 508 1277 diuturniorem
527 1234 664 1278 vitam
683 1236 852 1279 sortitis
868 1236 1161 1289 perferendae
1180 1237 1355 1281 fuerint.
1379 1239 1569 1283 Omnino
1586 1238 1691 1292 quid

187 1302 323 1346 habet
353 1303 569 1346 commodi
600 1304 721 1347 vita?
767 1305 871 1358 quid
904 1318 990 1348 non
1021 1306 1168 1359 potius
1199 1307 1496 1351 calamitatis?
1539 1307 1691 1361 itaque

461 1394 515 1449 μὴ
549 1401 659 1452 φῦναι
689 1396 753 1437 τὸν
785 1399 932 1437 ἅπαντα
962 1413 1012 1438 νι-

461 1463 511 1520 κᾷ
542 1466 654 1520 λόγον
690 1480 698 1488 ·
730 1466 772 1507 τὸ
803 1464 836 1507 δ’
870 1466 947 1507 ἐπεὶ
979 1466 1085 1523 φανῇ

462 1535 573 1590 βῆναι
604 1537 729 1576 κεῖθεν
761 1537 851 1576 ὅθεν
882 1551 949 1594 περ
981 1538 1026 1592 ἦ·

461 1621 515 1647 κει
546 1604 643 1648 πολὺ
675 1606 846 1665 δεύτερον
879 1606 933 1653 ὡς
963 1611 1132 1664 τάχιστα.

185 1717 281 1760 Nec
312 1729 398 1760 non
431 1716 679 1761 deliberare
709 1721 885 1771 oportet
916 1731 995 1762 nos
1027 1718 1164 1762 vitam
1194 1730 1249 1761 ea
1269 1723 1440 1762 tantum
1464 1718 1690 1772 accepisse

186 1785 444 1829 condicione
475 1790 526 1829 ut
556 1785 842 1830 redderemus
873 1786 1051 1839 quando
1082 1790 1256 1840 repetet
1277 1799 1463 1840 cumque
1484 1787 1688 1831 creditor.

186 1854 314 1909 Quod
348 1854 422 1908 qui
454 1867 630 1907 semper
658 1854 703 1897 in
736 1855 883 1899 animo
914 1855 1067 1908 volvit,
1098 1855 1228 1899 facile
1257 1868 1304 1899 se
1326 1855 1382 1899 ad
1405 1868 1557 1899 omnes
1579 1868 1690 1909 quos

186 1923 272 1965 fert
302 1924 398 1965 vita
435 1935 569 1965 casus
599 1924 764 1976 poterit
801 1924 1104 1966 accomodare.
1164 1924 1262 1966 Iam
1294 1936 1401 1966 vero
1438 1924 1536 1976 quis
1566 1924 1691 1966 novit

186 2004 244 2035 an
276 1991 386 2036 deus
417 1994 610 2046 paterna
629 1991 913 2046 providentia
934 2005 987 2036 ac
1009 2004 1117 2036 cura
1139 1992 1315 2048 generis
1336 1992 1517 2035 humani
1538 1991 1691 2036 sutura

184 2061 458 2114 prospiciens
504 2061 669 2103 multos
716 2065 874 2104 avocet
919 2065 1208 2114 praematura
1253 2061 1418 2103 morte?
1463 2072 1598 2113 quem·
1631 2060 1690 2103 dii

186 2129 376 2185 diligunt
422 2129 688 2173 adulescens
735 2129 934 2173 moritur.
995 2131 1090 2173 Nec
1134 2129 1278 2173 minus
1324 2129 1483 2172 efficax
1523 2128 1690 2176 doloris

185 2190 391 2241 levamen
423 2201 492 2241 est
522 2199 558 2240 si
589 2198 777 2241 intueris
808 2198 851 2240 in
885 2210 960 2240 eos
992 2198 1066 2251 qui
1094 2198 1431 2251 intempestivas
1453 2198 1688 2240 liberorum

185 2271 351 2310 mortes
383 2280 598 2321 generose
632 2267 908 2320 fortibusque
941 2267 1100 2309 animis
1133 2267 1423 2319 pertulerunt.
1476 2266 1603 2319 Quod
1636 2279 1691 2308 ne

185 2335 228 2377 id
260 2334 436 2388 quidem
468 2334 740 2382 immortales
762 2338 1090 2378 ‘concesserunt
1119 2334 1174 2377 ut?
1200 2334 1315 2378 filius
1346 2346 1451 2378 ossa
1472 2333 1613 2388 patris
1635 2333 1689 2393 de

187 2403 281 2446 vita
326 2404 522 2448 defuncti
559 2404 729 2447 tumulo
775 2408 1045 2459 contegeret,
1091 2417 1146 2447 ea
1177 2403 1353 2457 quidem
1397 2404 1592 2446 humana
1623 2407 1692 2447 est

185 2473 314 2524 ratio,
363 2479 435 2516 ast
480 2473 610 2528 longe
655 2486 786 2517 secus
827 2473 1027 2517 collibuit
1072 2472 1292 2516 coelicolis
1328 2485 1439 2526 quos
1485 2471 1691 2515 incusare

187 2541 314 2585 nefas
346 2545 426 2584 est.
488 2542 526 2584 O
559 2542 787 2585 fortunate
819 2542 1084 2585 adulescens
1123 2542 1197 2595 qui
1229 2554 1328 2584 cum
1360 2554 1414 2583 ex
1445 2541 1530 2582 hac
1558 2540 1692 2583 turba

186 2613 231 2652 ct
261 2610 511 2653 colluvione
543 2610 818 2662 discesseris,
855 2610 899 2653 in
931 2610 1039 2653 illud
1077 2609 1274 2653 divinum
1312 2609 1556 2652 animorum
1588 2620 1689 2651 con-

186 2678 333 2721 cilium
382 2682 643 2730 coetumque
684 2677 1002 2732 proficiscaris!
1047 2677 1123 2730 qui
1162 2689 1251 2730 qua
1295 2688 1398 2719 eras
1434 2675 1690 2730 integritate

185 2746 319 2789 nullis
351 2745 557 2789 humanis
595 2745 715 2788 vitiis
751 2746 1019 2799 inquinatus
1058 2745 1190 2788 nullis
1228 2742 1482 2787 libidinibus
1513 2743 1688 2794 deditus
